% To be added:

@ARTICLE{Colella85,
   author = {{Colella}, P. and {Glaz}, H.~M.},
    title = "{Efficient solution algorithms for the Riemann problem for real gases}",
  journal = {J. Comp. Phys.},
 keywords = {CAUCHY PROBLEM, COMPRESSIBLE FLOW, EQUATIONS OF STATE, GAS DYNAMICS, INVISCID FLOW, POLYTROPIC PROCESSES, ALGORITHMS, BOUNDARY VALUE PROBLEMS, CARTESIAN COORDINATES, FINITE DIFFERENCE THEORY, JACOBI MATRIX METHOD, RANKINE-HUGONIOT RELATION, SHOCK TUBES, SHOCK WAVES},
     year = 1985,
    month = jun,
   volume = 59,
    pages = {264-289},
      doi = {10.1016/0021-9991(85)90146-9},
   adsurl = {http://adsabs.harvard.edu/abs/1985JCoPh..59..264C},
  adsnote = {Provided by the SAO/NASA Astrophysics Data System}
}


@ARTICLE{Brio88,
   author = {{Brio}, M. and {Wu}, C.~C.},
    title = "{An upwind differencing scheme for the equations of ideal magnetohydrodynamics}",
  journal = {J. Comp. Phys.},
 keywords = {CAUCHY PROBLEM, DIFFERENCE EQUATIONS, MAGNETOHYDRODYNAMIC WAVES, EIGENVALUES, FLOATING POINT ARITHMETIC, HYPERBOLIC DIFFERENTIAL EQUATIONS, JACOBI MATRIX METHOD},
     year = 1988,
    month = apr,
   volume = 75,
    pages = {400-422},
   adsurl = {http://adsabs.harvard.edu/abs/1988JCoPh..75..400B},
  adsnote = {Provided by the SAO/NASA Astrophysics Data System}
}


@ARTICLE{Miyoshi05,
   author = {{Miyoshi}, T. and {Kusano}, K.},
    title = "{An MHD Simulation of the Magnetosphere Based on the HLLD Approximate Riemann Solver}",
  journal = {AGU Fall Meeting Abstracts},
 keywords = {2753 Numerical modeling, 2756 Planetary magnetospheres (5443, 5737, 6033), 2784 Solar wind/magnetosphere interactions, 2794 Instruments and techniques},
     year = 2005,
    month = dec,
    pages = {B1295},
   adsurl = {http://adsabs.harvard.edu/abs/2005AGUFMSM51B1295M},
  adsnote = {Provided by the SAO/NASA Astrophysics Data System}
}


@ARTICLE{Lemaster09,
   author = {{Lemaster}, M.~N. and {Stone}, J.~M.},
    title = "{Dissipation and Heating in Supersonic Hydrodynamic and MHD Turbulence}",
  journal = {\apj},
archivePrefix = "arXiv",
   eprint = {0809.4005},
 keywords = {ISM: clouds, ISM: magnetic fields, stars: formation, turbulence},
     year = 2009,
    month = feb,
   volume = 691,
    pages = {1092-1108},
      doi = {10.1088/0004-637X/691/2/1092},
   adsurl = {http://adsabs.harvard.edu/abs/2009ApJ...691.1092L},
  adsnote = {Provided by the SAO/NASA Astrophysics Data System}
}

@article{Wang:2009a,
	Author = {{Wang}, P. and {Abel}, T.},
	Journal = {\apj},
	Month = may,
	Pages = {96-109},
	Title = {{Magnetohydrodynamic Simulations of Disk Galaxy Formation: The Magnetization of the Cold and Warm Medium}},
	Volume = 696,
	Year = 2009}

@article{Wang:2009b,
	Author = {{Wang}, Peng and {Li}, Z.-Y. and {Abel}, Tom and {Nakamura}, Fumitaka},
	Journal = {ApJ},
	Title = {Outflow Feedback Regulated Massive Star Formation in Parsec-Scale Cluster Forming Clumps},
	Year = {2009}}


@article{Wang:2010,
	Author = {{Wang}, P. and {Abel}, T. and {Kaehler}, R.},
	Journal = {NewA},
	Month = oct,
	Pages = {581-589},
	Title = {{Adaptive mesh fluid simulations on GPU}},
	Volume = 15,
	Year = 2010}


@article{2002JCoPh.175..645D,
	Author = {{Dedner}, A. and {Kemm}, F. and {Kr{\"o}ner}, D. and {Munz}, {C.-D.} and {Schnitzer}, T. and {Wesenberg}, M.},
	Journal = {Journal of Computational Physics},
	Month = jan,
	Pages = {645-673},
	Title = {{Hyperbolic Divergence Cleaning for the MHD Equations}},
	Volume = 175,
	Year = 2002}

@ARTICLE{Toth00,
   author = {{T{\'o}th}, G.},
    title = "{The {\nabla}.B=0 Constraint in Shock-Capturing Magnetohydrodynamics Codes}",
  journal = {J. Comput. Phys.},
     year = 2000,
    month = jul,
   volume = 161,
    pages = {605-652},
   adsurl = {http://adsabs.harvard.edu/abs/2000JCoPh.161..605T},
  adsnote = {Provided by the SAO/NASA Astrophysics Data System}
}

@ARTICLE{Orszag79,
   author = {{Orszag}, S.~A. and {Tang}, C.-M.},
    title = "{Small-scale structure of two-dimensional magnetohydrodynamic turbulence}",
  journal = {Journal of Fluid Mechanics},
 keywords = {DIGITAL SIMULATION, MAGNETOHYDRODYNAMIC TURBULENCE, SMALL PERTURBATION FLOW, TWO DIMENSIONAL FLOW, EQUATIONS OF MOTION, INCOMPRESSIBLE FLUIDS, MAGNETIC FIELD CONFIGURATIONS, THREE DIMENSIONAL FLOW, VORTICES},
     year = 1979,
    month = jan,
   volume = 90,
    pages = {129-143},
   adsurl = {http://adsabs.harvard.edu/abs/1979JFM....90..129O},
  adsnote = {Provided by the SAO/NASA Astrophysics Data System}
}

@ARTICLE{2009JPhCS.180a2020K,
   author = {{Kritsuk}, A.~G. and {Ustyugov}, S.~D. and {Norman}, M.~L. and 
	{Padoan}, P.},
    title = "{Simulating supersonic turbulence in magnetized molecular clouds}",
  journal = {Journal of Physics Conference Series},
archivePrefix = "arXiv",
   eprint = {0908.0378},
 primaryClass = "astro-ph.GA",
     year = 2009,
    month = jul,
   volume = 180,
   number = 1,
      eid = {012020},
    pages = {012020},
      doi = {10.1088/1742-6596/180/1/012020},
   adsurl = {http://adsabs.harvard.edu/abs/2009JPhCS.180a2020K},
  adsnote = {Provided by the SAO/NASA Astrophysics Data System}
}



@ARTICLE{Collins12a,
   author = {{Collins}, D.~C. and {Kritsuk}, A.~G. and {Padoan}, P. and {Li}, H. and 
	{Xu}, H. and {Ustyugov}, S.~D. and {Norman}, M.~L.},
    title = "{The Two States of Star-forming Clouds}",
  journal = {\apj},
archivePrefix = "arXiv",
   eprint = {1202.2594},
 primaryClass = "astro-ph.SR",
 keywords = {magnetohydrodynamics: MHD, stars: formation},
     year = 2012,
    month = may,
   volume = 750,
      eid = {13},
    pages = {13},
      doi = {10.1088/0004-637X/750/1/13},
   adsurl = {http://adsabs.harvard.edu/abs/2012ApJ...750...13C},
  adsnote = {Provided by the SAO/NASA Astrophysics Data System}
}

@ARTICLE{Collins11,
   author = {{Collins}, D.~C. and {Padoan}, P. and {Norman}, M.~L. and {Xu}, H.
	},
    title = "{Mass and Magnetic Distributions in Self-gravitating Super-Alfv{\'e}nic Turbulence with Adaptive Mesh Refinement}",
  journal = {\apj},
archivePrefix = "arXiv",
   eprint = {1008.2402},
 primaryClass = "astro-ph.GA",
 keywords = {ISM: clouds, ISM: kinematics and dynamics, ISM: magnetic fields, magnetohydrodynamics: MHD},
     year = 2011,
    month = apr,
   volume = 731,
    pages = {59},
      doi = {10.1088/0004-637X/731/1/59},
   adsurl = {http://adsabs.harvard.edu/abs/2011ApJ...731...59C},
  adsnote = {Provided by the SAO/NASA Astrophysics Data System}
}

@ARTICLE{Evans88,
   author = {{Evans}, C.~R. and {Hawley}, J.~F.},
    title = "{Simulation of magnetohydrodynamic flows - A constrained transport method}",
  journal = {\apj},
 keywords = {COMPUTATIONAL ASTROPHYSICS, COMPUTERIZED SIMULATION, MAGNETOHYDRODYNAMIC FLOW, TRANSPORT THEORY, ACTIVE GALACTIC NUCLEI, ADAPTIVE FILTERS, FINITE DIFFERENCE THEORY, GRID GENERATION (MATHEMATICS)},
     year = 1988,
    month = sep,
   volume = 332,
    pages = {659-677},
      doi = {10.1086/166684},
   adsurl = {http://adsabs.harvard.edu/abs/1988ApJ...332..659E},
  adsnote = {Provided by the SAO/NASA Astrophysics Data System}
}

@ARTICLE{Balsara99,
   author = {{Balsara}, D.~S. and {Spicer}, D.~S.},
    title = "{A Staggered Mesh Algorithm Using High Order Godunov Fluxes to Ensure Solenoidal Magnetic Fields in Magnetohydrodynamic Simulations}",
  journal = {Journal of Computational Physics},
     year = 1999,
    month = mar,
   volume = 149,
    pages = {270-292},
   adsurl = {http://adsabs.harvard.edu/abs/1999JCoPh.149..270B},
  adsnote = {Provided by the SAO/NASA Astrophysics Data System}
}

@ARTICLE{Collins10,
   author = {{Collins}, D.~C. and {Xu}, H. and {Norman}, M.~L. and {Li}, H. and 
    {Li}, S.},
    title = "{Cosmological Adaptive Mesh Refinement Magnetohydrodynamics with Enzo}",
  journal = {\apjs},
archivePrefix = "arXiv",
   eprint = {0902.2594},
 keywords = {cosmology: theory, methods: numerical, magnetohydrodynamics: MHD},
     year = 2010,
    month = feb,
   volume = 186,
    pages = {308-333},
      doi = {10.1088/0067-0049/186/2/308},
   adsurl = {http://adsabs.harvard.edu/abs/2010ApJS..186..308C},
  adsnote = {Provided by the SAO/NASA Astrophysics Data System}
}

@ARTICLE{Li08a,
   author = {{Li}, S. and {Li}, H. and {Cen}, R.},
    title = "{CosmoMHD: A Cosmological Magnetohydrodynamics Code}",
  journal = {\apjs},
 keywords = {Cosmology: Theory, Methods: Numerical, Magnetohydrodynamics: MHD, Shock Waves},
     year = 2008,
    month = jan,
   volume = 174,
    pages = {1-12},
      doi = {10.1086/521302},
   adsurl = {http://adsabs.harvard.edu/abs/2008ApJS..174....1L},
  adsnote = {Provided by the SAO/NASA Astrophysics Data System}
}

@ARTICLE{2008ApJ...689.1063S,
   author = {{Skillman}, S.~W. and {O'Shea}, B.~W. and {Hallman}, E.~J. and 
	{Burns}, J.~O. and {Norman}, M.~L.},
    title = "{Cosmological Shocks in Adaptive Mesh Refinement Simulations and the Acceleration of Cosmic Rays}",
  journal = {\apj},
archivePrefix = "arXiv",
   eprint = {0806.1522},
 keywords = {ISM: Cosmic Rays, Cosmology: Theory, Hydrodynamics, Methods: Numerical},
     year = 2008,
    month = dec,
   volume = 689,
    pages = {1063-1077},
      doi = {10.1086/592496},
   adsurl = {http://adsabs.harvard.edu/abs/2008ApJ...689.1063S},
  adsnote = {Provided by the SAO/NASA Astrophysics Data System}
}

@ARTICLE{Skillman13,
   author = {{Skillman}, S.~W. and {Xu}, H. and {Hallman}, E.~J. and {O'Shea}, B.~W. and 
    {Burns}, J.~O. and {Li}, H. and {Collins}, D.~C. and {Norman}, M.~L.
    },
    title = "{Cosmological MHD Simulations of Galaxy Cluster Radio Relics: Insights and Warnings for Observations}",
  journal = {ArXiv e-prints},
archivePrefix = "arXiv",
   eprint = {1211.3122},
 primaryClass = "astro-ph.CO",
 keywords = {Astrophysics - Cosmology and Extragalactic Astrophysics},
     year = 2012,
    month = nov,
   adsurl = {http://adsabs.harvard.edu/abs/2012arXiv1211.3122S},
  adsnote = {Provided by the SAO/NASA Astrophysics Data System}
}

@ARTICLE{Xu08,
   author = {{Xu}, H. and {O'Shea}, B.~W. and {Collins}, D.~C. and {Norman}, M.~L. and 
	{Li}, H. and {Li}, S.},
    title = "{The Biermann Battery in Cosmological MHD Simulations of Population III Star Formation}",
  journal = {\apjl},
archivePrefix = "arXiv",
   eprint = {0807.2647},
 keywords = {Cosmology: Theory, Galaxies: High-Redshift, Magnetohydrodynamics: MHD, Stars: Formation},
     year = 2008,
    month = dec,
   volume = 688,
    pages = {L57-L60},
      doi = {10.1086/595617},
   adsurl = {http://adsabs.harvard.edu/abs/2008ApJ...688L..57X},
  adsnote = {Provided by the SAO/NASA Astrophysics Data System}
}

@ARTICLE{Xu11,
   author = {{Xu}, H. and {Li}, H. and {Collins}, D.~C. and {Li}, S. and 
	{Norman}, M.~L.},
    title = "{Evolution and Distribution of Magnetic Fields from Active Galactic Nuclei in Galaxy Clusters. II. The Effects of Cluster Size and Dynamical State}",
  journal = {\apj},
archivePrefix = "arXiv",
   eprint = {1107.2599},
 primaryClass = "astro-ph.CO",
 keywords = {galaxies: active, galaxies: clusters: general, magnetic fields, magnetohydrodynamics: MHD, methods: numerical},
     year = 2011,
    month = oct,
   volume = 739,
      eid = {77},
    pages = {77},
      doi = {10.1088/0004-637X/739/2/77},
   adsurl = {http://adsabs.harvard.edu/abs/2011ApJ...739...77X},
  adsnote = {Provided by the SAO/NASA Astrophysics Data System}
}


@ARTICLE{Xu12,
   author = { {Xu}, H. and {Govoni}, F. and {Murgia}, M. and {Li}, H. and {Collins}, D.~C. and {Norman}, M.~L. and {Cen}, R. and {Feretti}, L. and {Giovannini}, G.},
    title = "{Evolution and Distribution of Magnetic Fields from Active Galactic Nuclei in Galaxy Clusters. II. The Effects of Cluster Size and Dynamical State}",
  journal = {\apj},
archivePrefix = "arXiv",
 primaryClass = "astro-ph.CO",
 keywords = {galaxies: active, galaxies: clusters: general, magnetic fields, magnetohydrodynamics: MHD, methods: numerical},
     year = 2012,
    month = oct,
   volume = 759,
      eid = {40},
    pages = {40}
}


@ARTICLE{Balsara01,
   author = {{Balsara}, D.~S.},
    title = "{Divergence-Free Adaptive Mesh Refinement for Magnetohydrodynamics}",
  journal = {Journal of Computational Physics},
   eprint = {arXiv:astro-ph/0112150},
     year = 2001,
    month = dec,
   volume = 174,
    pages = {614-648},
   adsurl = {http://adsabs.harvard.edu/abs/2001JCoPh.174..614B},
  adsnote = {Provided by the SAO/NASA Astrophysics Data System}
}

@ARTICLE{Gardiner05,
   author = {{Gardiner}, T.~A. and {Stone}, J.~M.},
    title = "{An unsplit Godunov method for ideal MHD via constrained transport}",
  journal = {Journal of Computational Physics},
   eprint = {arXiv:astro-ph/0501557},
     year = 2005,
    month = may,
   volume = 205,
    pages = {509-539},
      doi = {10.1016/j.jcp.2004.11.016},
   adsurl = {http://adsabs.harvard.edu/abs/2005JCoPh.205..509G},
  adsnote = {Provided by the SAO/NASA Astrophysics Data System}
}

@ARTICLE{Mignone07,
   author = {{Mignone}, A.},
    title = "{A simple and accurate Riemann solver for isothermal MHD}",
  journal = {Journal of Computational Physics},
   eprint = {arXiv:astro-ph/0701798},
     year = 2007,
    month = aug,
   volume = 225,
    pages = {1427-1441},
      doi = {10.1016/j.jcp.2007.01.033},
   adsurl = {http://adsabs.harvard.edu/abs/2007JCoPh.225.1427M},
  adsnote = {Provided by the SAO/NASA Astrophysics Data System}
}

@ARTICLE{Pluto-amr,
   author = {{Mignone}, A. and {Zanni}, C. and {Tzeferacos}, P. and {van Straalen}, B. and 
	{Colella}, P. and {Bodo}, G.},
    title = "{The PLUTO Code for Adaptive Mesh Computations in Astrophysical Fluid Dynamics}",
  journal = {\apjs},
archivePrefix = "arXiv",
   eprint = {1110.0740},
 primaryClass = "astro-ph.HE",
 keywords = {hydrodynamics, magnetohydrodynamics: MHD, methods: numerical},
     year = 2012,
    month = jan,
   volume = 198,
      eid = {7},
    pages = {7},
      doi = {10.1088/0067-0049/198/1/7},
   adsurl = {http://adsabs.harvard.edu/abs/2012ApJS..198....7M},
  adsnote = {Provided by the SAO/NASA Astrophysics Data System}
}



@ARTICLE{Pluto,
   author = {{Mignone}, A. and {Bodo}, G. and {Massaglia}, S. and {Matsakos}, T. and 
	{Tesileanu}, O. and {Zanni}, C. and {Ferrari}, A.},
    title = "{PLUTO: A Numerical Code for Computational Astrophysics}",
  journal = {\apjs},
   eprint = {arXiv:astro-ph/0701854},
 keywords = {Hydrodynamics, Methods: Numerical, Magnetohydrodynamics: MHD, Relativity, Shock Waves},
     year = 2007,
    month = may,
   volume = 170,
    pages = {228-242},
      doi = {10.1086/513316},
   adsurl = {http://adsabs.harvard.edu/abs/2007ApJS..170..228M},
  adsnote = {Provided by the SAO/NASA Astrophysics Data System}
}


@ARTICLE{GAMER,
   author = {{Schive}, H.-Y. and {Tsai}, Y.-C. and {Chiueh}, T.},
    title = "{GAMER: A Graphic Processing Unit Accelerated Adaptive-Mesh-Refinement Code for Astrophysics}",
  journal = {\apjs},
archivePrefix = "arXiv",
   eprint = {0907.3390},
 primaryClass = "astro-ph.IM",
 keywords = {gravitation, hydrodynamics, methods: numerical},
     year = 2010,
    month = feb,
   volume = 186,
    pages = {457-484},
      doi = {10.1088/0067-0049/186/2/457},
   adsurl = {http://adsabs.harvard.edu/abs/2010ApJS..186..457S},
  adsnote = {Provided by the SAO/NASA Astrophysics Data System}
}


@ARTICLE{Nyx,
   author = {{Almgren}, A.~S. and {Bell}, J.~B. and {Lijewski}, M.~J. and 
	{Luki{\'c}}, Z. and {Van Andel}, E.},
    title = "{Nyx: A Massively Parallel AMR Code for Computational Cosmology}",
  journal = {\apj},
archivePrefix = "arXiv",
   eprint = {1301.4498},
 primaryClass = "astro-ph.IM",
 keywords = {gravitation, hydrodynamics, methods: numerical },
     year = 2013,
    month = mar,
   volume = 765,
      eid = {39},
    pages = {39},
      doi = {10.1088/0004-637X/765/1/39},
   adsurl = {http://adsabs.harvard.edu/abs/2013ApJ...765...39A},
  adsnote = {Provided by the SAO/NASA Astrophysics Data System}
}

@ARTICLE{Astrobear09,
   author = {{Cunningham}, A.~J. and {Frank}, A. and {Varni{\`e}re}, P. and 
	{Mitran}, S. and {Jones}, T.~W.},
    title = "{Simulating Magnetohydrodynamical Flow with Constrained Transport and Adaptive Mesh Refinement: Algorithms and Tests of the AstroBEAR Code}",
  journal = {\apjs},
archivePrefix = "arXiv",
   eprint = {0710.0424},
 keywords = {methods: numerical, MHD},
     year = 2009,
    month = jun,
   volume = 182,
    pages = {519-542},
      doi = {10.1088/0067-0049/182/2/519},
   adsurl = {http://adsabs.harvard.edu/abs/2009ApJS..182..519C},
  adsnote = {Provided by the SAO/NASA Astrophysics Data System}
}

@ARTICLE{Tess11,
   author = {{Duffell}, P.~C. and {MacFadyen}, A.~I.},
    title = "{TESS: A Relativistic Hydrodynamics Code on a Moving Voronoi Mesh}",
  journal = {\apjs},
archivePrefix = "arXiv",
   eprint = {1104.3562},
 primaryClass = "astro-ph.HE",
 keywords = {hydrodynamics, methods: numerical},
     year = 2011,
    month = dec,
   volume = 197,
      eid = {15},
    pages = {15},
      doi = {10.1088/0067-0049/197/2/15},
   adsurl = {http://adsabs.harvard.edu/abs/2011ApJS..197...15D},
  adsnote = {Provided by the SAO/NASA Astrophysics Data System}
}

@ARTICLE{Arepo10,
   author = {{Springel}, V.},
    title = "{E pur si muove: Galilean-invariant cosmological hydrodynamical simulations on a moving mesh}",
  journal = {\mnras},
archivePrefix = "arXiv",
   eprint = {0901.4107},
 primaryClass = "astro-ph.CO",
 keywords = {methods: numerical, galaxies: interactions, cosmology: dark matter},
     year = 2010,
    month = jan,
   volume = 401,
    pages = {791-851},
      doi = {10.1111/j.1365-2966.2009.15715.x},
   adsurl = {http://adsabs.harvard.edu/abs/2010MNRAS.401..791S},
  adsnote = {Provided by the SAO/NASA Astrophysics Data System}
}

@ARTICLE{Li12,
   author = {{Li}, Y. and {Bryan}, G.~L.},
    title = "{Simulating the Cooling Flow of Cool-core Clusters}",
  journal = {\apj},
archivePrefix = "arXiv",
   eprint = {1112.2701},
 primaryClass = "astro-ph.CO",
 keywords = {galaxies: clusters: general, galaxies: clusters: intracluster medium, hydrodynamics, instabilities},
     year = 2012,
    month = mar,
   volume = 747,
      eid = {26},
    pages = {26},
      doi = {10.1088/0004-637X/747/1/26},
   adsurl = {http://adsabs.harvard.edu/abs/2012ApJ...747...26L},
  adsnote = {Provided by the SAO/NASA Astrophysics Data System}
}

@ARTICLE{Loken02,
   author = {{Loken}, C. and {Norman}, M.~L. and {Nelson}, E. and {Burns}, J. and 
	{Bryan}, G.~L. and {Motl}, P.},
    title = "{A Universal Temperature Profile for Galaxy Clusters}",
  journal = {\apj},
   eprint = {arXiv:astro-ph/0207095},
 keywords = {Cosmology: Theory, Galaxies: Clusters: General, Hydrodynamics, Galaxies: Intergalactic Medium, X-Rays: Galaxies},
     year = 2002,
    month = nov,
   volume = 579,
    pages = {571-576},
      doi = {10.1086/342825},
   adsurl = {http://adsabs.harvard.edu/abs/2002ApJ...579..571L},
  adsnote = {Provided by the SAO/NASA Astrophysics Data System}
}


@ARTICLE{2002ApJ...569L.127K,
   author = {{Kritsuk}, A.~G. and {Norman}, M.~L.},
    title = "{Thermal Instability-induced Interstellar Turbulence}",
  journal = {\apjl},
   eprint = {arXiv:astro-ph/0112437},
 keywords = {Hydrodynamics, Instabilities, ISM: Structure, Turbulence},
     year = 2002,
    month = apr,
   volume = 569,
    pages = {L127-L131},
      doi = {10.1086/340785},
   adsurl = {http://adsabs.harvard.edu/abs/2002ApJ...569L.127K},
  adsnote = {Provided by the SAO/NASA Astrophysics Data System}
}

@ARTICLE{Kritsuk04, 
   author = {{Kritsuk}, A.~G. and {Norman}, M.~L.},
    title = "{Scaling Relations for Turbulence in the Multiphase Interstellar Medium}",
  journal = {\apjl},
   eprint = {arXiv:astro-ph/0310697},
 keywords = {Hydrodynamics, Instabilities, ISM: Structure, Turbulence},
     year = 2004,
    month = jan,
   volume = 601,
    pages = {L55-L58},
      doi = {10.1086/381737},
   adsurl = {http://adsabs.harvard.edu/abs/2004ApJ...601L..55K},
  adsnote = {Provided by the SAO/NASA Astrophysics Data System}
}



@ARTICLE{Slyz05, 
   author = {{Slyz}, A.~D. and {Devriendt}, J.~E.~G. and {Bryan}, G. and 
	{Silk}, J.},
    title = "{Towards simulating star formation in the interstellar medium}",
  journal = {\mnras},
   eprint = {arXiv:astro-ph/0411383},
 keywords = {hydrodynamics: methods: numerical: stars: formation: ISM: theory: galaxies: general},
     year = 2005,
    month = jan,
   volume = 356,
    pages = {737-752},
      doi = {10.1111/j.1365-2966.2004.08494.x},
   adsurl = {http://adsabs.harvard.edu/abs/2005MNRAS.356..737S},
  adsnote = {Provided by the SAO/NASA Astrophysics Data System}
}

@ARTICLE{Fang01,
   author = {{Fang}, T. and {Bryan}, G.~L.},
    title = "{Probing the Intergalactic Medium with the O VI Forest}",
  journal = {\apjl},
   eprint = {arXiv:astro-ph/0109276},
 keywords = {Galaxies: Intergalactic Medium, Cosmology: Large-Scale Structure of Universe, Methods: Numerical, Galaxies: Quasars: Absorption Lines},
     year = 2001,
    month = nov,
   volume = 561,
    pages = {L31-L35},
      doi = {10.1086/324571},
   adsurl = {http://adsabs.harvard.edu/abs/2001ApJ...561L..31F},
  adsnote = {Provided by the SAO/NASA Astrophysics Data System}
}

@book{leveque2002finite,
  title={Finite Volume Methods for Hyperbolic Problems},
  author={LeVeque, R.J.},
  isbn={9780521009249},
  lccn={2001052642},
  series={Cambridge Texts in Applied Mathematics},
  url={http://books.google.com/books?id=QazcnD7GUoUC},
  year={2002},
  publisher={Cambridge University Press}
}



@ARTICLE{Godunov1959,
   author = {{Godunov}, S.~K.},
    title = "{Finite difference method for numerical computation of discontinous solution of the equations of fluid dynamics.}",
  journal = {Matematicheskii Sbornik},
     year = 1959,
   volume = 47,
    pages = {271-+},
}

@ARTICLE{SantaBarbara,
   author = {{Frenk}, C.~S. and {White}, S.~D.~M. and {Bode}, P. and {Bond}, J.~R. and 
	{Bryan}, G.~L. and {Cen}, R. and {Couchman}, H.~M.~P. and {Evrard}, A.~E. and 
	{Gnedin}, N. and {Jenkins}, A. and {Khokhlov}, A.~M. and {Klypin}, A. and 
	{Navarro}, J.~F. and {Norman}, M.~L. and {Ostriker}, J.~P. and 
	{Owen}, J.~M. and {Pearce}, F.~R. and {Pen}, U.-L. and {Steinmetz}, M. and 
	{Thomas}, P.~A. and {Villumsen}, J.~V. and {Wadsley}, J.~W. and 
	{Warren}, M.~S. and {Xu}, G. and {Yepes}, G.},
    title = "{The Santa Barbara Cluster Comparison Project: A Comparison of Cosmological Hydrodynamics Solutions}",
  journal = {\apj},
     year = 1999,
    month = nov,
   volume = 525,
    pages = {554-582},
      doi = {10.1086/307908},
   adsurl = {http://adsabs.harvard.edu/cgi-bin/nph-bib_query?bibcode=1999ApJ...525..554F&db_key=AST},
  adsnote = {Provided by the Smithsonian/NASA Astrophysics Data System}
}


@ARTICLE{gadget_2_method,
   author = {{Springel}, V.},
    title = "{The cosmological simulation code GADGET-2}",
  journal = {\mnras},
     year = 2005,
    month = dec,
   volume = 364,
    pages = {1105-1134},
      doi = {10.1111/j.1365-2966.2005.09655.x},
   adsurl = {http://adsabs.harvard.edu/cgi-bin/nph-bib_query?bibcode=2005MNRAS.364.1105S&db_key=AST},
  adsnote = {Provided by the Smithsonian/NASA Astrophysics Data System}
}


@ARTICLE{flash_method,
   author = {{Fryxell}, B. and {Olson}, K. and {Ricker}, P. and {Timmes}, F.~X. and 
	{Zingale}, M. and {Lamb}, D.~Q. and {MacNeice}, P. and {Rosner}, R. and 
	{Truran}, J.~W. and {Tufo}, H.},
    title = "{FLASH: An Adaptive Mesh Hydrodynamics Code for Modeling Astrophysical Thermonuclear Flashes}",
  journal = {\apjs},
     year = 2000,
    month = nov,
   volume = 131,
    pages = {273-334},
      doi = {10.1086/317361},
   adsurl = {http://adsabs.harvard.edu/cgi-bin/nph-bib_query?bibcode=2000ApJS..131..273F&db_key=AST},
  adsnote = {Provided by the Smithsonian/NASA Astrophysics Data System}
}


@ARTICLE{2002ApJ...569..157W,
   author = {{Wong}, T. and {Blitz}, L.},
    title = "{The Relationship between Gas Content and Star Formation in Molecule-rich Spiral Galaxies}",
  journal = {\apj},
     year = 2002,
    month = apr,
   volume = 569,
    pages = {157-183},
      doi = {10.1086/339287},
   adsurl = {http://adsabs.harvard.edu/cgi-bin/nph-bib_query?bibcode=2002ApJ...569..157W&db_key=AST},
  adsnote = {Provided by the Smithsonian/NASA Astrophysics Data System}
}



@ARTICLE{1996AJ....112.1903Y,
   author = {{Young}, J.~S. and {Allen}, L. and {Kenney}, J.~D.~P. and {Lesser}, A. and 
	{Rownd}, B.},
    title = "{The Global Rate and Efficiency of Star Formation in Spiral Galaxies as a Function of Morphology and Environment}",
  journal = {\aj},
     year = 1996,
    month = nov,
   volume = 112,
    pages = {1903-+},
      doi = {10.1086/118152},
   adsurl = {http://adsabs.harvard.edu/cgi-bin/nph-bib_query?bibcode=1996AJ....112.1903Y&db_key=AST},
  adsnote = {Provided by the Smithsonian/NASA Astrophysics Data System}
}


@ARTICLE{Adjerid,
   author = {{Adjerid}, S. and {Flaherty}, J.E.},
    title = "{A Local Refinement Finite-Element Method for Two-Dimensional Parabolic Systems}",
  journal = {SIAM Journal of Scientific and Statistical Computing},
     year = 1988,
   volume = 9,
    pages = {792-+},
}


@ARTICLE{1995ApJS..100..269P,
   author = {{Pen}, U.-L.},
    title = "{A Linear Moving Adaptive Particle-Mesh N-Body Algorithm}",
  journal = {\apjs},
     year = 1995,
    month = sep,
   volume = 100,
    pages = {269-+},
      doi = {10.1086/192219},
   adsurl = {http://adsabs.harvard.edu/cgi-bin/nph-bib_query?bibcode=1995ApJS..100..269P&db_key=AST},
  adsnote = {Provided by the Smithsonian/NASA Astrophysics Data System}
}


@ARTICLE{1995ApJS...97..231G ,
   author = {{Gnedin}, N.~Y.},
    title = "{Softened Lagrangian hydrodynamics for cosmology}",
  journal = {\apjs},
     year = 1995,
    month = apr,
   volume = 97,
    pages = {231-257},
      doi = {10.1086/192141},
   adsurl = {http://adsabs.harvard.edu/cgi-bin/nph-bib_query?bibcode=1995ApJS...97..231G&db_key=AST},
  adsnote = {Provided by the Smithsonian/NASA Astrophysics Data System}
}



@ARTICLE{1995ApJS..101..181W,
   author = {{Woosley}, S.~E. and {Weaver}, T.~A.},
    title = "{The Evolution and Explosion of Massive Stars. II. Explosive Hydrodynamics and Nucleosynthesis}",
  journal = {\apjs},
     year = 1995,
    month = nov,
   volume = 101,
    pages = {181-+},
      doi = {10.1086/192237},
   adsurl = {http://adsabs.harvard.edu/cgi-bin/nph-bib_query?bibcode=1995ApJS..101..181W&db_key=AST},
  adsnote = {Provided by the Smithsonian/NASA Astrophysics Data System}
}


@ARTICLE{sh03a,
   author = {{Springel}, V. and {Hernquist}, L.},
    title = "{Cosmological smoothed particle hydrodynamics simulations: a hybrid multiphase model for star formation}",
  journal = {\mnras},
     year = 2003,
    month = feb,
   volume = 339,
    pages = {289-311},
      doi = {10.1046/j.1365-8711.2003.06206.x},
   adsurl = {http://adsabs.harvard.edu/cgi-bin/nph-bib_query?bibcode=2003MNRAS.339..289S&db_key=AST},
  adsnote = {Provided by the Smithsonian/NASA Astrophysics Data System}
}

@ARTICLE{sh03b,
   author = {{Springel}, V. and {Hernquist}, L.},
    title = "{The history of star formation in a {$\Lambda$} cold dark matter universe}",
  journal = {\mnras},
     year = 2003,
    month = feb,
   volume = 339,
    pages = {312-334},
      doi = {10.1046/j.1365-8711.2003.06207.x},
   adsurl = {http://adsabs.harvard.edu/cgi-bin/nph-bib_query?bibcode=2003MNRAS.339..312S&db_key=AST},
  adsnote = {Provided by the Smithsonian/NASA Astrophysics Data System}
}

@ARTICLE{hs03,
   author = {{Hernquist}, L. and {Springel}, V.},
    title = "{An analytical model for the history of cosmic star formation}",
  journal = {\mnras},
     year = 2003,
    month = jun,
   volume = 341,
    pages = {1253-1267},
      doi = {10.1046/j.1365-8711.2003.06499.x},
   adsurl = {http://adsabs.harvard.edu/cgi-bin/nph-bib_query?bibcode=2003MNRAS.341.1253H&db_key=AST},
  adsnote = {Provided by the Smithsonian/NASA Astrophysics Data System}
}

@ARTICLE{2005ApJS..160....1O,
   author = {{O'Shea}, B.~W. and {Nagamine}, K. and {Springel}, V. and {Hernquist}, L. and 
	{Norman}, M.~L.},
    title = "{Comparing AMR and SPH Cosmological Simulations. I. Dark Matter and Adiabatic Simulations}",
  journal = {\apjs},
     year = 2005,
    month = sep,
   volume = 160,
    pages = {1-27},
      doi = {10.1086/432645},
   adsurl = {http://adsabs.harvard.edu/cgi-bin/nph-bib_query?bibcode=2005ApJS..160....1O&db_key=AST},
  adsnote = {Provided by the Smithsonian/NASA Astrophysics Data System}
}

@ARTICLE{1959ApJ...129..243S,
   author = {{Schmidt}, M.},
    title = "{The Rate of Star Formation.}",
  journal = {\apj},
     year = 1959,
    month = mar,
   volume = 129,
    pages = {243-+},
   adsurl = {http://adsabs.harvard.edu/cgi-bin/nph-bib_query?bibcode=1959ApJ...129..243S&db_key=AST},
  adsnote = {Provided by the Smithsonian/NASA Astrophysics Data System}
}

@ARTICLE{1979ApJS...41..513M,
   author = {{Miller}, G.~E. and {Scalo}, J.~M.},
    title = "{The initial mass function and stellar birthrate in the solar neighborhood}",
  journal = {\apjs},
     year = 1979,
    month = nov,
   volume = 41,
    pages = {513-547},
      doi = {10.1086/190629},
   adsurl = {http://adsabs.harvard.edu/cgi-bin/nph-bib_query?bibcode=1979ApJS...41..513M&db_key=AST},
  adsnote = {Provided by the Smithsonian/NASA Astrophysics Data System}
}


@ARTICLE{CO1992,
   author = {{Cen}, R. and {Ostriker}, J.~P.},
    title = "{Galaxy formation and physical bias}",
  journal = {\apjl},
     year = 1992,
    month = nov,
   volume = 399,
    pages = {L113-L116},
      doi = {10.1086/186620},
   adsurl = {http://adsabs.harvard.edu/cgi-bin/nph-bib_query?bibcode=1992ApJ...399L.113C&db_key=AST},
  adsnote = {Provided by the Smithsonian/NASA Astrophysics Data System}
}




@ARTICLE{2003ApJ...590L...1K,
   author = {{Kravtsov}, A.~V.},
    title = "{On the Origin of the Global Schmidt Law of Star Formation}",
  journal = {\apjl},
     year = 2003,
    month = jun,
   volume = 590,
    pages = {L1-L4},
      doi = {10.1086/376674},
   adsurl = {http://adsabs.harvard.edu/cgi-bin/nph-bib_query?bibcode=2003ApJ...590L...1K&db_key=AST},
  adsnote = {Provided by the Smithsonian/NASA Astrophysics Data System}
}



@ARTICLE{1997ApJ...484L..21C,
   author = {{Cavaliere}, A. and {Menci}, N. and {Tozzi}, P.},
    title = "{The Luminosity-Temperature Relation for Groups and Clusters of Galaxies}",
  journal = {\apjl},
     year = 1997,
    month = jul,
   volume = 484,
    pages = {L21+},
      doi = {10.1086/310767},
   adsurl = {http://adsabs.harvard.edu/cgi-bin/nph-bib_query?bibcode=1997ApJ...484L..21C&db_key=AST},
  adsnote = {Provided by the Smithsonian/NASA Astrophysics Data System}
}

@ARTICLE{1991ApJ...383..104K,
   author = {{Kaiser}, N.},
    title = "{Evolution of clusters of galaxies}",
  journal = {\apj},
     year = 1991,
    month = dec,
   volume = 383,
    pages = {104-111},
      doi = {10.1086/170768},
   adsurl = {http://adsabs.harvard.edu/cgi-bin/nph-bib_query?bibcode=1991ApJ...383..104K&db_key=AST},
  adsnote = {Provided by the Smithsonian/NASA Astrophysics Data System}
}


@ARTICLE{1991ApJ...367...45C,
   author = {{Cole}, S.},
    title = "{Modeling galaxy formation in evolving dark matter halos}",
  journal = {\apj},
     year = 1991,
    month = jan,
   volume = 367,
    pages = {45-53},
      doi = {10.1086/169600},
   adsurl = {http://adsabs.harvard.edu/cgi-bin/nph-bib_query?bibcode=1991ApJ...367...45C&db_key=AST},
  adsnote = {Provided by the Smithsonian/NASA Astrophysics Data System}
}

@ARTICLE{1978MNRAS.183..341W,
   author = {{White}, S.~D.~M. and {Rees}, M.~J.},
    title = "{Core condensation in heavy halos - A two-stage theory for galaxy formation and clustering}",
  journal = {\mnras},
     year = 1978,
    month = may,
   volume = 183,
    pages = {341-358},
   adsurl = {http://adsabs.harvard.edu/cgi-bin/nph-bib_query?bibcode=1978MNRAS.183..341W&db_key=AST},
  adsnote = {Provided by the Smithsonian/NASA Astrophysics Data System}
}


@ARTICLE{1991ApJ...381...14L,
   author = {{Lacey}, C. and {Silk}, J.},
    title = "{Tidally triggered galaxy formation. I - Evolution of the galaxy luminosity function}",
  journal = {\apj},
     year = 1991,
    month = nov,
   volume = 381,
    pages = {14-32},
      doi = {10.1086/170625},
   adsurl = {http://adsabs.harvard.edu/cgi-bin/nph-bib_query?bibcode=1991ApJ...381...14L&db_key=AST},
  adsnote = {Provided by the Smithsonian/NASA Astrophysics Data System}
}


@ARTICLE{1991ApJ...379...52W,
   author = {{White}, S.~D.~M. and {Frenk}, C.~S.},
    title = "{Galaxy formation through hierarchical clustering}",
  journal = {\apj},
     year = 1991,
    month = sep,
   volume = 379,
    pages = {52-79},
      doi = {10.1086/170483},
   adsurl = {http://adsabs.harvard.edu/cgi-bin/nph-bib_query?bibcode=1991ApJ...379...52W&db_key=AST},
  adsnote = {Provided by the Smithsonian/NASA Astrophysics Data System}
}




@ARTICLE{1998A&A...335..403G,
   author = {{Galli}, D. and {Palla}, F.},
    title = "{The chemistry of the early Universe}",
  journal = {\aap},
     year = 1998,
    month = jul,
   volume = 335,
    pages = {403-420},
   adsurl = {http://adsabs.harvard.edu/cgi-bin/nph-bib_query?bibcode=1998A%26A...335..403G&db_key=AST},
  adsnote = {Provided by the Smithsonian/NASA Astrophysics Data System}
}



@ARTICLE{2004MNRAS.348.1019R,
   author = {{Ripamonti}, E. and {Abel}, T.},
    title = "{Fragmentation and the formation of primordial protostars: the possible role of collision-induced emission}",
  journal = {\mnras},
     year = 2004,
    month = mar,
   volume = 348,
    pages = {1019-1034},
      doi = {10.1111/j.1365-2966.2004.07422.x},
   adsurl = {http://adsabs.harvard.edu/cgi-bin/nph-bib_query?bibcode=2004MNRAS.348.1019R&db_key=AST},
  adsnote = {Provided by the Smithsonian/NASA Astrophysics Data System}
}

@ARTICLE{2005MNRAS.361..850L,
   author = {{Lipovka}, A. and {N{\'u}{\~n}ez-L{\'o}pez}, R. and {Avila-Reese}, V.
	},
    title = "{The cooling function of HD molecule revisited}",
  journal = {\mnras},
     year = 2005,
    month = aug,
   volume = 361,
    pages = {850-854},
      doi = {10.1111/j.1365-2966.2005.09226.x},
   adsurl = {http://adsabs.harvard.edu/cgi-bin/nph-bib_query?bibcode=2005MNRAS.361..850L&db_key=AST},
  adsnote = {Provided by the Smithsonian/NASA Astrophysics Data System}
}

@ARTICLE{2005MNRAS.364.1378N,
   author = {{Nagakura}, T. and {Omukai}, K.},
    title = "{Formation of Population III stars in fossil HII regions: significance of HD}",
  journal = {\mnras},
     year = 2005,
    month = dec,
   volume = 364,
    pages = {1378-1386},
      doi = {10.1111/j.1365-2966.2005.09685.x},
   adsurl = {http://adsabs.harvard.edu/cgi-bin/nph-bib_query?bibcode=2005MNRAS.364.1378N&db_key=AST},
  adsnote = {Provided by the Smithsonian/NASA Astrophysics Data System}
}


@ARTICLE{1993ApJS...88..253S,
   author = {{Sutherland}, R.~S. and {Dopita}, M.~A.},
    title = "{Cooling functions for low-density astrophysical plasmas}",
  journal = {\apjs},
     year = 1993,
    month = sep,
   volume = 88,
    pages = {253-327},
      doi = {10.1086/191823},
   adsurl = {http://adsabs.harvard.edu/cgi-bin/nph-bib_query?bibcode=1993ApJS...88..253S&db_key=AST},
  adsnote = {Provided by the Smithsonian/NASA Astrophysics Data System}
}


@ARTICLE{1996ApJS..105...19K,
   author = {{Katz}, N. and {Weinberg}, D.~H. and {Hernquist}, L.},
    title = "{Cosmological Simulations with TreeSPH}",
  journal = {\apjs},
     year = 1996,
    month = jul,
   volume = 105,
    pages = {19-+},
      doi = {10.1086/192305},
   adsurl = {http://adsabs.harvard.edu/cgi-bin/nph-bib_query?bibcode=1996ApJS..105...19K&db_key=AST},
  adsnote = {Provided by the Smithsonian/NASA Astrophysics Data System}
}

@ARTICLE{1994ApJ...429..434A,
   author = {{Anninos}, W.~Y. and {Norman}, M.~L.},
    title = "{Nonlinear hydrodynamics of cosmological sheets. 1: Numerical techniques and tests}",
  journal = {\apj},
     year = 1994,
    month = jul,
   volume = 429,
    pages = {434-464},
      doi = {10.1086/174335},
   adsurl = {http://adsabs.harvard.edu/cgi-bin/nph-bib_query?bibcode=1994ApJ...429..434A&db_key=AST},
  adsnote = {Provided by the Smithsonian/NASA Astrophysics Data System}
}


@ARTICLE{1977JCoPh..23..276V,
   author = {{van Leer}, B.},
    title = "{Towards the ultimate conservative difference scheme: IV. A new approach to numerical convection}",
  journal = {Journal of Computational Physics},
     year = 1977,
   volume = 23,
    pages = {276-299},
   adsurl = {http://adsabs.harvard.edu/cgi-bin/nph-bib_query?bibcode=1977JCoPh..23..276V&db_key=AST},
  adsnote = {Provided by the Smithsonian/NASA Astrophysics Data System}
}


@ARTICLE{1979JCoPh..32..101V,
   author = {{van Leer}, B.},
    title = "{Towards the ultimate conservative difference scheme. V - A second-order sequel to Godunov's method}",
  journal = {Journal of Computational Physics},
 keywords = {COMPRESSIBLE FLOW, CONSERVATION LAWS, ENERGY DISSIPATION, EULER-LAGRANGE EQUATION, FINITE DIFFERENCE THEORY, LEAST SQUARES METHOD, ALGORITHMS, COMPUTER PROGRAMS, ERROR ANALYSIS, NUMERICAL STABILITY, ONE DIMENSIONAL FLOW, TWO DIMENSIONAL FLOW},
     year = 1979,
    month = jul,
   volume = 32,
    pages = {101-136},
      doi = {10.1016/0021-9991(79)90145-1},
   adsurl = {http://adsabs.harvard.edu/abs/1979JCoPh..32..101V},
  adsnote = {Provided by the SAO/NASA Astrophysics Data System}
}

@ARTICLE{1984JCoPh..54..174C,
   author = {{Colella}, P. and {Woodward}, P.~R.},
    title = "{The Piecewise Parabolic Method (PPM) for Gas-Dynamical Simulations}",
  journal = {Journal of Computational Physics},
     year = 1984,
    month = sep,
   volume = 54,
    pages = {174-201},
   adsurl = {http://adsabs.harvard.edu/cgi-bin/nph-bib_query?bibcode=1984JCoPh..54..174C&db_key=AST},
  adsnote = {Provided by the Smithsonian/NASA Astrophysics Data System}
}


@ARTICLE{1984JCoPh..54..115W,
   author = {{Woodward}, P. and {Colella}, P.},
    title = "{The numerical simulation of two-dimensional fluid flow with strong shocks}",
  journal = {Journal of Computational Physics},
 keywords = {COMPUTATIONAL FLUID DYNAMICS, COMPUTERIZED SIMULATION, SHOCK DISCONTINUITY, SHOCK WAVE INTERACTION, TWO DIMENSIONAL FLOW, COMPUTATIONAL GRIDS, CONTINUUM FLOW, FINITE DIFFERENCE THEORY, LINEAR EQUATIONS, MACH REFLECTION, VISCOUS FLOW},
     year = 1984,
    month = apr,
   volume = 54,
    pages = {115-173},
      doi = {10.1016/0021-9991(84)90142-6},
   adsurl = {http://adsabs.harvard.edu/abs/1984JCoPh..54..115W},
  adsnote = {Provided by the SAO/NASA Astrophysics Data System}
}



@ARTICLE{1995CoPhC..89..149B,
   author = {{Bryan}, G.~L. and {Norman}, M.~L. and {Stone}, J.~M. and {Cen}, R. and 
	{Ostriker}, J.~P.},
    title = "{A piecewise parabolic method for cosmological hydrodynamics}",
  journal = {Computer Physics Communications},
     year = 1995,
    month = aug,
   volume = 89,
    pages = {149-168},
      doi = {10.1016/0010-4655(94)00191-4},
   adsurl = {http://adsabs.harvard.edu/cgi-bin/nph-bib_query?bibcode=1995CoPhC..89..149B&db_key=PHY},
  adsnote = {Provided by the Smithsonian/NASA Astrophysics Data System}
}

@ARTICLE{Stone92a,
   author = {{Stone}, J.~M. and {Norman}, M.~L.},
    title = "{ZEUS-2D: A radiation magnetohydrodynamics code for astrophysical flows in two space dimensions. I - The hydrodynamic algorithms and tests.}",
  journal = {\apjs},
     year = 1992,
    month = jun,
   volume = 80,
    pages = {753-790},
      doi = {10.1086/191680},
   adsurl = {http://adsabs.harvard.edu/cgi-bin/nph-bib_query?bibcode=1992ApJS...80..753S&db_key=AST},
  adsnote = {Provided by the Smithsonian/NASA Astrophysics Data System}
}

@ARTICLE{Stone92b,
   author = {{Stone}, J.~M. and {Norman}, M.~L.},
    title = "{ZEUS-2D: A Radiation Magnetohydrodynamics Code for Astrophysical Flows in Two Space Dimensions. II. The Magnetohydrodynamic Algorithms and Tests}",
  journal = {\apjs},
     year = 1992,
    month = jun,
   volume = 80,
    pages = {791-+},
      doi = {10.1086/191681},
   adsurl = {http://adsabs.harvard.edu/cgi-bin/nph-bib_query?bibcode=1992ApJS...80..791S&db_key=AST},
  adsnote = {Provided by the Smithsonian/NASA Astrophysics Data System}
}

@ARTICLE{ABN02,
   author = {{Abel}, T. and {Bryan}, G.~L. and {Norman}, M.~L.},
    title = "{The Formation of the First Star in the Universe}",
  journal = {Science},
     year = 2002,
    month = jan,
   volume = 295,
    pages = {93-98},
      doi = {10.1126/science.1063991},
   adsurl = {http://adsabs.harvard.edu/cgi-bin/nph-bib_query?bibcode=2002Sci...295...93A&db_key=AST},
  adsnote = {Provided by the Smithsonian/NASA Astrophysics Data System}
}


@ARTICLE{1995AAS...187.9504B,
   author = {{Bryan}, G.~L. and {Norman}, M.~L.},
    title = "{Simulating X-ray Clusters with Adaptive Mesh Refinement}",
  journal = {Bulletin of the American Astronomical Society},
     year = 1995,
    month = dec,
   volume = 27,
    pages = {1421-+},
   adsurl = {http://adsabs.harvard.edu/cgi-bin/nph-bib_query?bibcode=1995AAS...187.9504B&db_key=AST},
  adsnote = {Provided by the Smithsonian/NASA Astrophysics Data System}
}


@INPROCEEDINGS{Bryan97a, 
   author = {{Bryan}, G.~L. and {Norman}, M.~L.},
    title = "{Simulating X-Ray Clusters with Adaptive Mesh Refinement}",
booktitle = {ASP Conf. Ser. 123: Computational Astrophysics; 12th Kingston Meeting on Theoretical Astrophysics},
     year = 1997,
   editor = {{Clarke}, D.~A. and {West}, M.~J.},
    pages = {363-+},
   adsurl = {http://adsabs.harvard.edu/cgi-bin/nph-bib_query?bibcode=1997ASPC..123..363B&db_key=AST},
  adsnote = {Provided by the Smithsonian/NASA Astrophysics Data System}
}

@ARTICLE{Bryan97b,
   author = {{Bryan}, G.~L. and {Norman}, M.~L.},
    title = "{A Hybrid AMR Application for Cosmology and Astrophysics}",
  journal = {ArXiv Astrophysics e-prints},
   eprint = {astro-ph/9710187},
     year = 1997,
    month = oct,
   adsurl = {http://adsabs.harvard.edu/abs/1997astro.ph.10187B},
  adsnote = {Provided by the Smithsonian/NASA Astrophysics Data System},
  editor = {{Chrisochoides}, N.}
}

@INPROCEEDINGS{bryan99,
   author = {{Bryan}, G.L. and {Norman}, M.L.},
   booktitle = {Workshop on Structured Adaptive Mesh Refinement Grid Methods, ed. N.~Chrisochoides (IMA Volumes in Mathematics No.  117)},
     year = {1997},
  editor = {{Chrisochoides}, N.}
}

@INPROCEEDINGS{Bryan01,
    author = {{Bryan}, G.~L. and {Abel}, T. and {Norman}, M.~L.},
    title = "{Achieving Extreme Resolution in Numerical Cosmology Using Adaptive Mesh Refinement: Resolving Primordial Star Formation}",
booktitle = {Proceedings of Supercomputing 2001},
    eprint = {arXiv:astro-ph/0112089},
    year = 2001,
    month = dec,
   adsurl = {http://adsabs.harvard.edu/cgi-bin/nph-bib_query?bibcode=2001astro.ph.12089B&db_key=PRE},
  adsnote = {Provided by the Smithsonian/NASA Astrophysics Data System}
}


@INPROCEEDINGS{Norman99,
   author = {{Norman}, M.~L. and {Bryan}, G.~L.},
    title = "{Cosmological Adaptive Mesh Refinement^{CD}}",
booktitle = {ASSL Vol. 240: Numerical Astrophysics},
     year = 1999,
   editor = {{Miyama}, S.~M. and {Tomisaka}, K. and {Hanawa}, T.},
    pages = {19-+},
   adsurl = {http://adsabs.harvard.edu/cgi-bin/nph-bib_query?bibcode=1999numa.conf...19N&db_key=AST},
  adsnote = {Provided by the Smithsonian/NASA Astrophysics Data System}
}

@ARTICLE{Oshea04,
   author = {{O'Shea}, B.~W. and {Bryan}, G. and {Bordner}, J. and {Norman}, M.~L. and 
	{Abel}, T. and {Harkness}, R. and {Kritsuk}, A.},
    title = "{Introducing Enzo, an AMR Cosmology Application}",
  journal = {ArXiv Astrophysics e-prints},
   eprint = {astro-ph/0403044},
     year = 2004,
    month = mar,
   adsurl = {http://adsabs.harvard.edu/abs/2004astro.ph..3044O},
  adsnote = {Provided by the Smithsonian/NASA Astrophysics Data System}
}

@ARTICLE{Efstathiou85,
   author = {{Efstathiou}, G. and {Davis}, M. and {White}, S.~D.~M., and {Frenk}, C.~S.},
  journal = {\apjs},
     year = 1985,
   volume = 57,
    pages = {241},
}


@ARTICLE{Berger89,
   author = {{Berger}, M.~J. and {Colella}, P.},
  journal = {J. Comp. Phys.},
     year = 1989,
   volume = 82,
    pages = {64},
}

@book{Hockney88,
   author = { {Hockney}, R.~W. and {Eastwood}, J.~W. }, 
   title = {Computer Simulation Using Particles},
     year = {1988},
   publisher = {Institute of Physics Publishing},
}

@ARTICLE{Woodward84,
   author = {{Woodward}, P.~R. and {Colella}, P.},
  journal = {J. Comp. Phys.},
     year = 1984,
   volume = 54,
    pages = {174},
}

@ARTICLE{Bryan95,
   author = {{Bryan}, G.~L. and {Norman}, M.~L. and {Stone}, J.~M. and {Cen}, R. and {Ostriker}, J.~P.},
  journal = {Comp. Phys. Comm},
     year = 1995,
   volume = 89,
    pages = {149},
}

@ARTICLE{abel97,
   author = {{Abel}, T. and {Anninos}, P. and {Zhang}, Y. and {Norman}, M.~L.
	},
    title = "{Modeling primordial gas in numerical cosmology}",
  journal = {New Astronomy},
     year = 1997,
    month = aug,
   volume = 2,
    pages = {181-207},
      doi = {10.1016/S1384-1076(97)00010-9},
   adsurl = {http://adsabs.harvard.edu/cgi-bin/nph-bib_query?bibcode=1997NewA....2..181A&db_key=AST},
  adsnote = {Provided by the Smithsonian/NASA Astrophysics Data System}
}

@ARTICLE{anninos97,
   author = {{Anninos}, P. and {Zhang}, Y. and {Abel}, T. and {Norman}, M.~L.
	},
    title = "{Cosmological hydrodynamics with multi-species chemistry and nonequilibrium ionization and cooling}",
  journal = {New Astronomy},
     year = 1997,
    month = aug,
   volume = 2,
    pages = {209-224},
      doi = {10.1016/S1384-1076(97)00009-2},
   adsurl = {http://adsabs.harvard.edu/cgi-bin/nph-bib_query?bibcode=1997NewA....2..209A&db_key=AST},
  adsnote = {Provided by the Smithsonian/NASA Astrophysics Data System}
}


@ARTICLE{2001ApJ...548..509M,
   author = {{Machacek}, M.~E. and {Bryan}, G.~L. and {Abel}, T.},
    title = "{Simulations of Pregalactic Structure Formation with Radiative Feedback}",
  journal = {\apj},
     year = 2001,
    month = feb,
   volume = 548,
    pages = {509-521},
      doi = {10.1086/319014},
   adsurl = {http://adsabs.harvard.edu/cgi-bin/nph-bib_query?bibcode=2001ApJ...548..509M&db_key=AST},
  adsnote = {Provided by the Smithsonian/NASA Astrophysics Data System}
}


@ARTICLE{2003MNRAS.338..273M,
   author = {{Machacek}, M.~E. and {Bryan}, G.~L. and {Abel}, T.},
    title = "{Effects of a soft X-ray background on structure formation at high redshift}",
  journal = {\mnras},
     year = 2003,
    month = jan,
   volume = 338,
    pages = {273-286},
      doi = {10.1046/j.1365-8711.2003.06054.x},
   adsurl = {http://adsabs.harvard.edu/cgi-bin/nph-bib_query?bibcode=2003MNRAS.338..273M&db_key=AST},
  adsnote = {Provided by the Smithsonian/NASA Astrophysics Data System}
}

@PHDTHESIS{Neeman96,
   author = {{Neeman}, H.},
    title = "{Autonomous hierarchical adaptive mesh refinement for multiscale simulations}",
   school = {Univ.~Illinois, (1996)},
     year = 1996
}

@PHDTHESIS{BryanThesis96,
   author = {{Bryan}, G.},
    title = "{The Numerical Simulation of X-ray Clusters}",
   school = {Univ.~Illinois, (1996)},
     year = 1996,
   adsurl = {http://adsabs.harvard.edu/abs/1996PhDT........80B},
  adsnote = {Provided by the Smithsonian/NASA Astrophysics Data System}
}

@BOOK{DecadalSurvey01,
   author = "{Astronomy and Astrophysics Survey Committee}",
    title = "{Astronomy and Astrophysics in the New Millennium}",
publisher = {Astronomy and Astrophysics in the New Millennium, Astronomy and Astrophysics Survey Committee, Board on Physics and Astronomy-Space Studies Board, Division on Engineering and Physical Sciences, National Research Council.~ Washington DC: National Academy Press, 2001.},
     year = 2001,
   adsurl = {http://adsabs.harvard.edu/abs/2001aanm.book......},
  adsnote = {Provided by the Smithsonian/NASA Astrophysics Data System}
}

@book{DecadalSurvey10,
   author = "{Astronomy and Astrophysics Survey Committee}",
  title={New Worlds, New Horizons in Astronomy and Astrophysics},
  isbn={9780309157995},
  url={http://www.nap.edu/openbook.php?record_id=12951},
  year={2010},
  publisher={The National Academies Press}
}


@ARTICLE{BryanCompSci99,
  author = {{Bryan}, G.},
  title = "{Fluids in the Universe: Adaptive Mesh in Cosmology}",
  journal={Comp. Sci. Eng.},
  year = 1999,
  volume = 1,
  pages={46-54},
}

@ARTICLE{2007arXiv0705.1556N,
   author = {{Norman}, M.~L. and {Bryan}, G.~L. and {Harkness}, R. and {Bordner}, J. and 
	{Reynolds}, D. and {O'Shea}, B. and {Wagner}, R.},
    title = "{Simulating Cosmological Evolution with Enzo}",
  journal = {ArXiv e-prints},
   eprint = {0705.1556},
     year = 2007,
    month = may,
   volume = 705,
   adsurl = {http://adsabs.harvard.edu/abs/2007arXiv0705.1556N},
  adsnote = {Provided by the Smithsonian/NASA Astrophysics Data System}
}

@ARTICLE{Truelove98,
   author = {{Truelove}, J.~K. and {Klein}, R.~I. and {McKee}, C.~F. and 
	{Holliman}, II, J.~H. and {Howell}, L.~H. and {Greenough}, J.~A. and 
	{Woods}, D.~T.},
    title = "{Self-gravitational Hydrodynamics with Three-dimensional Adaptive Mesh Refinement: Methodology and Applications to Molecular Cloud Collapse and Fragmentation}",
  journal = {\apj},
     year = 1998,
    month = mar,
   volume = 495,
    pages = {821-+},
      doi = {10.1086/305329},
   adsurl = {http://adsabs.harvard.edu/abs/1998ApJ...495..821T},
  adsnote = {Provided by the Smithsonian/NASA Astrophysics Data System}
}

@ARTICLE{ART97,
   author = {{Kravtsov}, A.~V. and {Klypin}, A.~A. and {Khokhlov}, A.~M.},
    title = "{Adaptive Refinement Tree: A New High-Resolution N-Body Code for Cosmological Simulations}",
  journal = {\apjs},
   eprint = {arXiv:astro-ph/9701195},
     year = 1997,
    month = jul,
   volume = 111,
    pages = {73-+},
      doi = {10.1086/313015},
   adsurl = {http://adsabs.harvard.edu/abs/1997ApJS..111...73K},
  adsnote = {Provided by the Smithsonian/NASA Astrophysics Data System}
}


@ARTICLE{RAMSES,
   author = {{Teyssier}, R.},
    title = "{Cosmological hydrodynamics with adaptive mesh refinement. A new high resolution code called RAMSES}",
  journal = {\aap},
   eprint = {arXiv:astro-ph/0111367},
     year = 2002,
    month = apr,
   volume = 385,
    pages = {337-364},
      doi = {10.1051/0004-6361:20011817},
   adsurl = {http://adsabs.harvard.edu/abs/2002A%26A...385..337T},
  adsnote = {Provided by the Smithsonian/NASA Astrophysics Data System}
}

@ARTICLE{Lucy77,
   author = {{Lucy}, L.~B.},
    title = "{A numerical approach to the testing of the fission hypothesis}",
  journal = {\aj},
     year = 1977,
    month = dec,
   volume = 82,
    pages = {1013-1024},
   adsurl = {http://adsabs.harvard.edu/abs/1977AJ.....82.1013L},
  adsnote = {Provided by the Smithsonian/NASA Astrophysics Data System}
}


@ARTICLE{SPH,
   author = {{Gingold}, R.~A. and {Monaghan}, J.~J.},
    title = "{Smoothed particle hydrodynamics - Theory and application to non-spherical stars}",
  journal = {\mnras},
     year = 1977,
    month = nov,
   volume = 181,
    pages = {375-389},
   adsurl = {http://adsabs.harvard.edu/abs/1977MNRAS.181..375G},
  adsnote = {Provided by the Smithsonian/NASA Astrophysics Data System}
}


@ARTICLE{Villumsen89,
   author = {{Villumsen}, J.~V.},
    title = "{A new hierachical particle-mesh code for very large scale cosmological N-body simulations}",
  journal = {\apjs},
     year = 1989,
    month = nov,
   volume = 71,
    pages = {407-431},
      doi = {10.1086/191380},
   adsurl = {http://adsabs.harvard.edu/abs/1989ApJS...71..407V},
  adsnote = {Provided by the Smithsonian/NASA Astrophysics Data System}
}


@ARTICLE{Ruffert94,
   author = {{Ruffert}, M.},
    title = "{Three-dimensional hydrodynamic Bondi-Hoyle accretion. 1: Code validation and stationary accretors}",
  journal = {\apj},
     year = 1994,
    month = may,
   volume = 427,
    pages = {342-350},
      doi = {10.1086/174144},
   adsurl = {http://adsabs.harvard.edu/abs/1994ApJ...427..342R},
  adsnote = {Provided by the Smithsonian/NASA Astrophysics Data System}
}


@ARTICLE{Anninos94,
   author = {{Anninos}, P. and {Norman}, M.~L. and {Clarke}, D.~A.},
    title = "{Hierarchical numerical cosmology with hydrodynamics: Methods and code tests}",
  journal = {\apj},
     year = 1994,
    month = nov,
   volume = 436,
    pages = {11-22},
      doi = {10.1086/174876},
   adsurl = {http://adsabs.harvard.edu/abs/1994ApJ...436...11A},
  adsnote = {Provided by the Smithsonian/NASA Astrophysics Data System}
}

@ARTICLE{Jessop94,
   author = {{Jessop}, C. and {Duncan}, M. and {Chau}, W.~Y.},
    title = "{Multigrid methods for N-body gravitational systems}",
    journal = {J. Comp. Phys.},
    year = 1994,
    volume = 115,
     pages = 339
 }


@ARTICLE{Suisalu95,
   author = {{Suisalu}, I. and {Saar}, E.},
    title = "{An adaptive multigrid solver for high-resolution cosmological simulations}",
  journal = {\mnras},
   eprint = {arXiv:astro-ph/9412043},
     year = 1995,
    month = may,
   volume = 274,
    pages = {287-299},
   adsurl = {http://adsabs.harvard.edu/abs/1995MNRAS.274..287S},
  adsnote = {Provided by the Smithsonian/NASA Astrophysics Data System}
}


@ARTICLE{Couchman91,
   author = {{Couchman}, H.~M.~P.},
    title = "{Mesh-refined P3M - A fast adaptive N-body algorithm}",
  journal = {\apjl},
     year = 1991,
    month = feb,
   volume = 368,
    pages = {L23-L26},
      doi = {10.1086/185939},
   adsurl = {http://adsabs.harvard.edu/abs/1991ApJ...368L..23C},
  adsnote = {Provided by the Smithsonian/NASA Astrophysics Data System}
}


@ARTICLE{Splinter96,
   author = {{Splinter}, R.~J.},
    title = "{A nested-grid particle-mesh code for high-resolution simulations of gravitational instability in cosmology}",
  journal = {\mnras},
   eprint = {arXiv:astro-ph/9503041},
     year = 1996,
    month = jul,
   volume = 281,
    pages = {281-293},
   adsurl = {http://adsabs.harvard.edu/abs/1996MNRAS.281..281S},
  adsnote = {Provided by the Smithsonian/NASA Astrophysics Data System}
}


@ARTICLE{Gelato97,
   author = {{Gelato}, S. and {Chernoff}, D.~F. and {Wasserman}, I.},
    title = "{An Adaptive Hierarchical Particle-Mesh Code with Isolated Boundary Conditions}",
  journal = {\apj},
   eprint = {arXiv:astro-ph/9607156},
     year = 1997,
    month = may,
   volume = 480,
    pages = {115-+},
      doi = {10.1086/303949},
   adsurl = {http://adsabs.harvard.edu/abs/1997ApJ...480..115G},
  adsnote = {Provided by the Smithsonian/NASA Astrophysics Data System}
}


@ARTICLE{Zhang06,
   author = {{Zhang}, W. and {MacFadyen}, A.~I.},
    title = "{RAM: A Relativistic Adaptive Mesh Refinement Hydrodynamics Code}",
  journal = {\apjs},
   eprint = {arXiv:astro-ph/0505481},
     year = 2006,
    month = may,
   volume = 164,
    pages = {255-279},
      doi = {10.1086/500792},
   adsurl = {http://adsabs.harvard.edu/abs/2006ApJS..164..255Z},
  adsnote = {Provided by the Smithsonian/NASA Astrophysics Data System}
}


@ARTICLE{Ziegler05,
   author = {{Ziegler}, U.},
    title = "{Self-gravitational adaptive mesh magnetohydrodynamics with the NIRVANA code}",
  journal = {\aap},
     year = 2005,
    month = may,
   volume = 435,
    pages = {385-395},
      doi = {10.1051/0004-6361:20042451},
   adsurl = {http://adsabs.harvard.edu/abs/2005A%26A...435..385Z},
  adsnote = {Provided by the Smithsonian/NASA Astrophysics Data System}
}


@ARTICLE{Quilis04,
   author = {{Quilis}, V.},
    title = "{A new multidimensional adaptive mesh refinement hydro + gravity cosmological code}",
  journal = {\mnras},
   eprint = {arXiv:astro-ph/0405389},
     year = 2004,
    month = aug,
   volume = 352,
    pages = {1426-1438},
      doi = {10.1111/j.1365-2966.2004.08040.x},
   adsurl = {http://adsabs.harvard.edu/abs/2004MNRAS.352.1426Q},
  adsnote = {Provided by the Smithsonian/NASA Astrophysics Data System}
}


@ARTICLE{Yahagi01,
   author = {{Yahagi}, H. and {Yoshii}, Y.},
    title = "{N-Body Code with Adaptive Mesh Refinement}",
  journal = {\apj},
   eprint = {arXiv:astro-ph/0105098},
     year = 2001,
    month = sep,
   volume = 558,
    pages = {463-475},
      doi = {10.1086/322457},
   adsurl = {http://adsabs.harvard.edu/abs/2001ApJ...558..463Y},
  adsnote = {Provided by the Smithsonian/NASA Astrophysics Data System}
}


@ARTICLE{MLAPM01,
   author = {{Knebe}, A. and {Green}, A. and {Binney}, J.},
    title = "{Multi-level adaptive particle mesh (MLAPM): a c code for cosmological simulations}",
  journal = {\mnras},
   eprint = {arXiv:astro-ph/0103503},
     year = 2001,
    month = aug,
   volume = 325,
    pages = {845-864},
      doi = {10.1046/j.1365-8711.2001.04532.x},
   adsurl = {http://adsabs.harvard.edu/abs/2001MNRAS.325..845K},
  adsnote = {Provided by the Smithsonian/NASA Astrophysics Data System}
}


@ARTICLE{Pen98,
   author = {{Pen}, U.-L.},
    title = "{A High-Resolution Adaptive Moving Mesh Hydrodynamic Algorithm}",
  journal = {\apjs},
   eprint = {arXiv:astro-ph/9704258},
     year = 1998,
    month = mar,
   volume = 115,
    pages = {19-+},
      doi = {10.1086/313074},
   adsurl = {http://adsabs.harvard.edu/abs/1998ApJS..115...19P},
  adsnote = {Provided by the Smithsonian/NASA Astrophysics Data System}
}


@ARTICLE{Gnedin95,
   author = {{Gnedin}, N.~Y.},
    title = "{Softened Lagrangian hydrodynamics for cosmology}",
  journal = {\apjs},
     year = 1995,
    month = apr,
   volume = 97,
    pages = {231-257},
      doi = {10.1086/192141},
   adsurl = {http://adsabs.harvard.edu/abs/1995ApJS...97..231G},
  adsnote = {Provided by the Smithsonian/NASA Astrophysics Data System}
}


@ARTICLE{Xu97,
   author = {{Xu}, G.},
    title = "{Hydrodynamic and N-body schemes on an unstructured, adaptive mesh with applications to cosmological simulations}",
  journal = {\mnras},
   eprint = {arXiv:astro-ph/9610061},
     year = 1997,
    month = jul,
   volume = 288,
    pages = {903-919},
   adsurl = {http://adsabs.harvard.edu/abs/1997MNRAS.288..903X},
  adsnote = {Provided by the Smithsonian/NASA Astrophysics Data System}
}


@BOOK{Peebles93,
   author = {{Peebles}, P.~J.~E.},
    title = "{Principles of physical cosmology}",
publisher = {Princeton Series in Physics, Princeton, NJ: Princeton University Press, |c1993},
     year = 1993,
   adsurl = {http://adsabs.harvard.edu/abs/1993ppc..book.....P},
  adsnote = {Provided by the Smithsonian/NASA Astrophysics Data System}
}


@Article{Berger91,
  author =    {{Berger}, M. and {Rigoutsos}, I.},
  title =        "{An Algorithm for Point Clustering and Grid Generation}",
  journal =      "IEEE Trans. Sys. Man. \& Cyber.",
  volume =       "21",
  number =       "5",
  pages =        "1278--1286",
  month =        sep # "\slash " # oct,
  year =         "1992",
  note =         "NYU Technical Report 501, April, 1990.",
}


@ARTICLE{TVD93,
   author = {{Ryu}, D. and {Ostriker}, J.~P. and {Kang}, H. and {Cen}, R.
	},
    title = "{A cosmological hydrodynamic code based on the total variation diminishing scheme}",
  journal = {\apj},
     year = 1993,
    month = sep,
   volume = 414,
    pages = {1-19},
      doi = {10.1086/173051},
   adsurl = {http://adsabs.harvard.edu/abs/1993ApJ...414....1R},
  adsnote = {Provided by the Smithsonian/NASA Astrophysics Data System}
}

@INPROCEEDINGS{Woodward86,
  author = {{Woodward}, P.R.},
  year = 1986,
booktitle = {Astrophysical Radiation Hydrodynamics},
   editor = {{Winkler}, K.H. and {Norman},M.L.},
   publisher = {D. Reidel: Dordrecht}
}


@ARTICLE{Wise11_Moray,
   author = {{Wise}, J.~H. and {Abel}, T.},
    title = "{ENZO+MORAY: radiation hydrodynamics adaptive mesh refinement simulations with adaptive ray tracing}",
  journal = {\mnras},
archivePrefix = "arXiv",
   eprint = {1012.2865},
 primaryClass = "astro-ph.IM",
 keywords = {hydrodynamics, radiative transfer, methods: numerical},
     year = 2011,
    month = jul,
   volume = 414,
    pages = {3458-3491},
      doi = {10.1111/j.1365-2966.2011.18646.x},
   adsurl = {http://adsabs.harvard.edu/abs/2011MNRAS.414.3458W},
  adsnote = {Provided by the SAO/NASA Astrophysics Data System}
}


@Article{ReynoldsHayesPaschosNorman2009,
  author  = {{Reynolds}, D.~R. and {Hayes}, J.~C. and {Paschos}, P. 
              and {Norman}, M.~L.},
  title   = {Self-consistent solution of cosmological radiation-hydrodynamics 
             and chemical ionization},
  journal = {J. Comput. Phys.},
     year = 2009,
   volume = 228,
    pages = {6833--6854},
}


@Article{Morel2000,
  author = 	 {{Morel}, J.~E.},
  title = 	 {Diffusion-limit asymptotics of the transport equation, the $p_{1/3}$ equations, and two flux-limited diffusion theories},
  journal = 	 {J.~Quant.~Spectrosc.~Radiat.~Transfer},
  year = 	 {2000},
  volume = 	 {65},
  pages = 	 {769--778},
}


@inbook{FalgoutYang2002,
  author = 	 {{Falgout}, R.~D. and {Yang}, U.~M.},
  title = 	 {Computational Science -- ICCS 2002 Part III},
  chapter = 	 {hypre: a Library of High Performance Preconditioners},
  publisher = 	 {Springer-Verlag},
  year = 	 {2002},
  volume = 	 {2331},
  series = 	 {Lecture Notes in Computer Science},
  pages = 	 {632-641}
}


@Manual{hypre-manual,
  title = 	 {{HYPRE} User's Manual},
  organization = {Center for Applied Scientific Computing, Lawrence Livermore National Laboratory},
  author = {{Falgout}, R.~D. and {Yang}, U.~M.},
  address = 	 {http://www.llnl.gov/casc/hypre/software.html},
  edition = 	 {2.9.0b},
  month = 	 {12},
  year = 	 {2012},
}


@Article{IlievEtAl2009,
  author = 	 {Ilian T. Iliev and others},
  title = 	 {Cosmological Radiative Transfer Codes Comparison Project II: 
                  The Radiation-Hydrodynamic Tests},
  journal = 	 {Monthly Notices of the Royal Astronomical Society},
  year = 	 {2009},
  volume = 	 {400},
  pages = 	 {1283-1316},
}


@InProceedings{NRS2009,
  author = 	 {Michael L. Norman and Daniel R. Reynolds and Geoffrey C. So},
  title = 	 {Cosmological radiation hydrodynamics with {Enzo}},
  booktitle =    {Recent Directions in Astrophysical Quantitative Spectroscopy 
                  and Radiation Hydrodynamics},
  year = 	 {2009},
  organization = {AIP},
}


@InBook{NBHBROW2007,
   author = {{Norman}, M.~L. and {Bryan}, G.~L. and {Harkness}, R. and {Bordner}, J. and 
	{Reynolds}, D. and {O'Shea}, B. and {Wagner}, R.},
  title = 	 {Petascale Computing: Algorithms and Applications},
  chapter = 	 {Simulating cosmological evolution with Enzo},
  publisher = 	 {CRC Press},
  pages = {83},
  isbn = {1584889098},
  year = 	 {2008}
}

@ARTICLE{2011ApJS..192....9T,
   author = {{Turk}, M.~J. and {Smith}, B.~D. and {Oishi}, J.~S. and {Skory}, S. and 
    {Skillman}, S.~W. and {Abel}, T. and {Norman}, M.~L.},
    title = "{yt: A Multi-code Analysis Toolkit for Astrophysical Simulation Data}",
  journal = {\apjs},
archivePrefix = "arXiv",
   eprint = {1011.3514},
 primaryClass = "astro-ph.IM",
 keywords = {cosmology: theory, methods: data analysis, methods: numerical},
     year = 2011,
    month = jan,
   volume = 192,
      eid = {9},
    pages = {9},
      doi = {10.1088/0067-0049/192/1/9},
   adsurl = {http://adsabs.harvard.edu/abs/2011ApJS..192....9T},
  adsnote = {Provided by the SAO/NASA Astrophysics Data System}
}

@ARTICLE{2011arXiv1112.4482T,
   author = {{Turk}, M.~J. and {Smith}, B.~D.},
    title = "{High-Performance Astrophysical Simulations and Analysis with Python}",
  journal = {ArXiv e-prints},
archivePrefix = "arXiv",
   eprint = {1112.4482},
 primaryClass = "astro-ph.IM",
 keywords = {Astrophysics - Instrumentation and Methods for Astrophysics, Astrophysics - Cosmology and Extragalactic Astrophysics},
     year = 2011,
    month = dec,
   adsurl = {http://adsabs.harvard.edu/abs/2011arXiv1112.4482T},
  adsnote = {Provided by the SAO/NASA Astrophysics Data System}
}

@ARTICLE{2013ApJ...762..109B,
   author = {{Behroozi}, P.~S. and {Wechsler}, R.~H. and {Wu}, H.-Y.},
    title = "{The ROCKSTAR Phase-space Temporal Halo Finder and the Velocity Offsets of Cluster Cores}",
  journal = {\apj},
archivePrefix = "arXiv",
   eprint = {1110.4372},
 primaryClass = "astro-ph.CO",
 keywords = {dark matter, methods: numerical},
     year = 2013,
    month = jan,
   volume = 762,
      eid = {109},
    pages = {109},
      doi = {10.1088/0004-637X/762/2/109},
   adsurl = {http://adsabs.harvard.edu/abs/2013ApJ...762..109B},
  adsnote = {Provided by the SAO/NASA Astrophysics Data System}
}

@ARTICLE{2007ApJ...664..135P,
   author = {{Parrish}, I.~J. and {Stone}, J.~M.},
    title = "{Saturation of the Magnetothermal Instability in Three Dimensions}",
  journal = {\apj},
   eprint = {arXiv:astro-ph/0612195},
 keywords = {Accretion, Accretion Disks, Convection, Galaxies: Clusters: General, Instabilities, Magnetohydrodynamics: MHD, Stars: Neutron},
     year = 2007,
    month = jul,
   volume = 664,
    pages = {135-148},
      doi = {10.1086/518881},
   adsurl = {http://adsabs.harvard.edu/abs/2007ApJ...664..135P},
  adsnote = {Provided by the SAO/NASA Astrophysics Data System}
}

@BOOK{1962pfig.book.....S,
   author = {{Spitzer}, L.},
    title = "{Physics of Fully Ionized Gases}",
     year = {1962},
     publisher={Interscience Publishers},
   adsurl = {http://adsabs.harvard.edu/abs/1962pfig.book.....S},
  adsnote = {Provided by the SAO/NASA Astrophysics Data System}
}


@book{1988xrec.book.....S,
  title={X-Ray Emission from Clusters of Galaxies},
  author={Sarazin, C.L.},
  isbn={9780521329576},
  lccn={lc86023322},
  series={Cambridge Astrophysics Series},
  url={http://books.google.com/books?id=8cAFDf0NaOoC},
  year={1988},
  publisher={Cambridge University Press}
}



@ARTICLE{1977ApJ...211..135C,
   author = {{Cowie}, L.~L. and {McKee}, C.~F.},
    title = "{The evaporation of spherical clouds in a hot gas. I - Classical and saturated mass loss rates}",
  journal = {\apj},
 keywords = {EVAPORATION, HIGH TEMPERATURE GASES, INTERSTELLAR GAS, NEBULAE, SUPERNOVA REMNANTS, CONDUCTIVE HEAT TRANSFER, HEAT FLUX, MASS FLOW RATE, SOLAR WIND, TEMPERATURE PROFILES},
     year = 1977,
    month = jan,
   volume = 211,
    pages = {135-146},
      doi = {10.1086/154911},
   adsurl = {http://adsabs.harvard.edu/abs/1977ApJ...211..135C},
  adsnote = {Provided by the SAO/NASA Astrophysics Data System}
}



@ARTICLE{1977JCoPh..23..263V,
   author = {{van Leer}, B.},
    title = "{Towards the ultimate conservative difference scheme. III - Upstream-centered finite-difference schemes for ideal compressible flow. IV - A new approach to numerical convection}",
  journal = {Journal of Computational Physics},
 keywords = {CONSERVATION EQUATIONS, CONVECTIVE FLOW, FINITE DIFFERENCE THEORY, NONLINEAR FEEDBACK, UPSTREAM, CONSERVATION LAWS, EULER EQUATIONS OF MOTION, FLOW EQUATIONS, NONLINEAR EQUATIONS, NUMERICAL STABILITY, SHOCK WAVE PROPAGATION},
     year = 1977,
    month = mar,
   volume = 23,
    pages = {263-299},
      doi = {10.1016/0021-9991(77)90094-8},
   adsurl = {http://adsabs.harvard.edu/abs/1977JCoPh..23..263V},
  adsnote = {Provided by the SAO/NASA Astrophysics Data System}
}

@ARTICLE{Tasker2008,
   author = {{Tasker}, E.~J. and {Brunino}, R. and {Mitchell}, N.~L. and 
	{Michielsen}, D. and {Hopton}, S. and {Pearce}, F.~R. and {Bryan}, G.~L. and 
	{Theuns}, T.},
    title = "{A test suite for quantitative comparison of hydrodynamic codes in astrophysics}",
  journal = {\mnras},
archivePrefix = "arXiv",
   eprint = {0808.1844},
 keywords = {hydrodynamics , methods: numerical , cosmology: theory},
     year = 2008,
    month = nov,
   volume = 390,
    pages = {1267-1281},
      doi = {10.1111/j.1365-2966.2008.13836.x},
   adsurl = {http://adsabs.harvard.edu/abs/2008MNRAS.390.1267T},
  adsnote = {Provided by the SAO/NASA Astrophysics Data System}
}

@book{Sedov1959,
  title={Similarity and Dimensional Methods in Mechanics.},
  author={Sedov, L.I. and FRIEDMAN, M.D. and Holt, M.},
  url={http://books.google.com/books?id=KNYYMwEACAAJ},
  year={1959},
  publisher={London}
}


@ARTICLE{Clarke2010,
   author = {{Clarke}, D.~A.},
    title = "{On the Reliability of ZEUS-3D}",
  journal = {\apjs},
 keywords = {hydrodynamics, magnetohydrodynamics: MHD, methods: numerical},
     year = 2010,
    month = mar,
   volume = 187,
    pages = {119-134},
      doi = {10.1088/0067-0049/187/1/119},
   adsurl = {http://adsabs.harvard.edu/abs/2010ApJS..187..119C},
  adsnote = {Provided by the SAO/NASA Astrophysics Data System}
}


@ARTICLE{2012ApJ...748...12S,
   author = {{Silvia}, D.~W. and {Smith}, B.~D. and {Shull}, J.~M.},
    title = "{Numerical Simulations of Supernova Dust Destruction. II. Metal-enriched Ejecta Knots}",
  journal = {\apj},
archivePrefix = "arXiv",
   eprint = {1111.0302},
 primaryClass = "astro-ph.GA",
 keywords = {dust, extinction, hydrodynamics, ISM: supernova remnants, shock waves},
     year = 2012,
    month = mar,
   volume = 748,
      eid = {12},
    pages = {12},
      doi = {10.1088/0004-637X/748/1/12},
   adsurl = {http://adsabs.harvard.edu/abs/2012ApJ...748...12S},
  adsnote = {Provided by the SAO/NASA Astrophysics Data System}
}



@ARTICLE{2010ApJ...715.1575S,
   author = {{Silvia}, D.~W. and {Smith}, B.~D. and {Shull}, J.~M.},
    title = "{Numerical Simulations of Supernova Dust Destruction. I. Cloud-crushing and Post-processed Grain Sputtering}",
  journal = {\apj},
archivePrefix = "arXiv",
   eprint = {1001.4793},
 primaryClass = "astro-ph.GA",
 keywords = {dust, extinction, hydrodynamics, ISM: supernova remnants, shock waves},
     year = 2010,
    month = jun,
   volume = 715,
    pages = {1575-1590},
      doi = {10.1088/0004-637X/715/2/1575},
   adsurl = {http://adsabs.harvard.edu/abs/2010ApJ...715.1575S},
  adsnote = {Provided by the SAO/NASA Astrophysics Data System}
}

@ARTICLE{Gnedin97,
   author = {{Gnedin}, N.~Y. and {Ostriker}, J.~P.},
    title = "{Reionization of the Universe and the Early Production of Metals}",
  journal = {\apj},
   eprint = {arXiv:astro-ph/9612127},
 keywords = {COSMOLOGY: LARGE-SCALE STRUCTURE OF UNIVERSE, COSMOLOGY: THEORY, COSMOLOGY: EARLY UNIVERSE, GALAXIES: FORMATION, GALAXIES: INTERGALACTIC MEDIUM},
     year = 1997,
    month = sep,
   volume = 486,
    pages = {581-+},
      doi = {10.1086/304548},
   adsurl = {http://adsabs.harvard.edu/abs/1997ApJ...486..581G},
  adsnote = {Provided by the SAO/NASA Astrophysics Data System}
}

@ARTICLE{HEALPix,
   author = {{G{\'o}rski}, K.~M. and {Hivon}, E. and {Banday}, A.~J. and 
	{Wandelt}, B.~D. and {Hansen}, F.~K. and {Reinecke}, M. and 
	{Bartelmann}, M.},
    title = "{HEALPix: A Framework for High-Resolution Discretization and Fast Analysis of Data Distributed on the Sphere}",
  journal = {\apj},
   eprint = {arXiv:astro-ph/0409513},
 keywords = {Cosmology: Cosmic Microwave Background, Cosmology: Observations, Methods: Statistical},
     year = 2005,
    month = apr,
   volume = 622,
    pages = {759-771},
      doi = {10.1086/427976},
   adsurl = {http://adsabs.harvard.edu/abs/2005ApJ...622..759G},
  adsnote = {Provided by the SAO/NASA Astrophysics Data System}
}

@ARTICLE{Abel02_RT,
   author = {{Abel}, T. and {Wandelt}, B.~D.},
    title = "{Adaptive ray tracing for radiative transfer around point sources}",
  journal = {\mnras},
   eprint = {arXiv:astro-ph/0111033},
 keywords = {HYDRODYNAMICS, RADIATIVE TRANSFER, METHODS: N -BODY SIMULATIONS, METHODS: NUMERICAL, ISM: EVOLUTION, COSMOLOGY: THEORY, hydrodynamics; radiative transfer; methods: N-body simulations; methods: numerical; ISM: evolution; cosmology: theory},
     year = 2002,
    month = mar,
   volume = 330,
    pages = {L53-L56},
      doi = {10.1046/j.1365-8711.2002.05206.x},
   adsurl = {http://adsabs.harvard.edu/abs/2002MNRAS.330L..53A},
  adsnote = {Provided by the SAO/NASA Astrophysics Data System}
}

@ARTICLE{Abel99_RT,
   author = {{Abel}, T. and {Norman}, M.~L. and {Madau}, P.},
    title = "{Photon-conserving Radiative Transfer around Point Sources in Multidimensional Numerical Cosmology}",
  journal = {\apj},
   eprint = {arXiv:astro-ph/9812151},
 keywords = {COSMOLOGY: THEORY, GALAXIES: FORMATION, GALAXIES: ISM, GALAXIES: INTERGALACTIC MEDIUM, RADIATIVE TRANSFER},
     year = 1999,
    month = sep,
   volume = 523,
    pages = {66-71},
      doi = {10.1086/307739},
   adsurl = {http://adsabs.harvard.edu/abs/1999ApJ...523...66A},
  adsnote = {Provided by the SAO/NASA Astrophysics Data System}
}

@ARTICLE{Mellema06,
   author = {{Mellema}, G. and {Iliev}, I.~T. and {Alvarez}, M.~A. and {Shapiro}, P.~R.
	},
    title = "{C^{2}-ray: A new method for photon-conserving transport of ionizing radiation}",
  journal = {New Astronomy},
   eprint = {arXiv:astro-ph/0508416},
     year = 2006,
    month = mar,
   volume = 11,
    pages = {374-395},
      doi = {10.1016/j.newast.2005.09.004},
   adsurl = {http://adsabs.harvard.edu/abs/2006NewA...11..374M},
  adsnote = {Provided by the SAO/NASA Astrophysics Data System}
}

@ARTICLE{SW87,
   author = {{Sarazin}, C.~L. and {White}, III, R.~E.},
    title = "{Steady state cooling flow models for normal elliptical galaxies}",
  journal = {\apj},
 keywords = {COOLING, COOLING FLOWS (ASTROPHYSICS), ELLIPTICAL GALAXIES, HIGH TEMPERATURE GASES, STEADY STATE, STELLAR MASS, ASTRONOMICAL MODELS, COMPUTATIONAL FLUID DYNAMICS, GALACTIC CLUSTERS, GAS TEMPERATURE, INTERSTELLAR MATTER, X RAYS},
     year = 1987,
    month = sep,
   volume = 320,
    pages = {32-48},
      doi = {10.1086/165522},
   adsurl = {http://adsabs.harvard.edu/abs/1987ApJ...320...32S},
  adsnote = {Provided by the SAO/NASA Astrophysics Data System}
}

@ARTICLE{K89,
   author = {{Kennicutt}, Jr., R.~C.},
    title = "{The star formation law in galactic disks}",
  journal = {\apj},
 keywords = {GALACTIC EVOLUTION, H ALPHA LINE, H II REGIONS, INTERSTELLAR GAS, STAR FORMATION RATE, EMISSION SPECTRA, GAS DYNAMICS, RADIAL DISTRIBUTION, SPIRAL GALAXIES},
     year = 1989,
    month = sep,
   volume = 344,
    pages = {685-703},
      doi = {10.1086/167834},
   adsurl = {http://adsabs.harvard.edu/abs/1989ApJ...344..685K},
  adsnote = {Provided by the SAO/NASA Astrophysics Data System}
}

@ARTICLE{Kritsuk06,
   author = {{Kritsuk}, A.~G. and {Norman}, M.~L. and {Padoan}, P.},
    title = "{Adaptive Mesh Refinement for Supersonic Molecular Cloud Turbulence}",
  journal = {\apjl},
   eprint = {arXiv:astro-ph/0411626},
 keywords = {Hydrodynamics, ISM: Clouds, ISM: Structure, Methods: Numerical, Turbulence},
     year = 2006,
    month = feb,
   volume = 638,
    pages = {L25-L28},
      doi = {10.1086/500688},
   adsurl = {http://adsabs.harvard.edu/abs/2006ApJ...638L..25K},
  adsnote = {Provided by the SAO/NASA Astrophysics Data System}
}

@ARTICLE{2005ApJ...626..627O,
   author = {{Omukai}, K. and {Tsuribe}, T. and {Schneider}, R. and {Ferrara}, A.
	},
    title = "{Thermal and Fragmentation Properties of Star-forming Clouds in Low-Metallicity Environments}",
  journal = {\apj},
   eprint = {astro-ph/0503010},
     year = 2005,
    month = jun,
   volume = 626,
    pages = {627-643},
      doi = {10.1086/429955},
   adsurl = {http://adsabs.harvard.edu/cgi-bin/nph-bib_query?bibcode=2005ApJ...626..627O&db_key=AST},
  adsnote = {Provided by the Smithsonian/NASA Astrophysics Data System}
}

@ARTICLE{1969MNRAS.145..271L,
   author = {{Larson}, R.~B.},
    title = "{Numerical calculations of the dynamics of collapsing proto-star}",
  journal = {\mnras},
     year = 1969,
   volume = 145,
    pages = {271},
   adsurl = {http://adsabs.harvard.edu/abs/1969MNRAS.145..271L},
  adsnote = {Provided by the SAO/NASA Astrophysics Data System}
}

@ARTICLE{1969MNRAS.144..425P,
   author = {{Penston}, M.~V.},
    title = "{Dynamics of self-gravitating gaseous spheres-III. Analytical results in the free-fall of isothermal cases}",
  journal = {\mnras},
     year = 1969,
   volume = 144,
    pages = {425},
   adsurl = {http://adsabs.harvard.edu/abs/1969MNRAS.144..425P},
  adsnote = {Provided by the SAO/NASA Astrophysics Data System}
}

@ARTICLE{1983ApJ...265.1047Y,
   author = {{Yahil}, A.},
    title = "{Self-similar stellar collapse}",
  journal = {\apj},
 keywords = {GRAVITATIONAL COLLAPSE, STELLAR EVOLUTION, SUPERMASSIVE STARS, SUPERNOVAE, CHANDRASEKHAR EQUATION, DENSE PLASMAS, ENERGY TRANSFER, EQUATIONS OF STATE, POLYTROPIC PROCESSES, SIMILARITY THEOREM, STELLAR MASS, STELLAR STRUCTURE},
     year = 1983,
    month = feb,
   volume = 265,
    pages = {1047-1055},
      doi = {10.1086/160746},
   adsurl = {http://adsabs.harvard.edu/abs/1983ApJ...265.1047Y},
  adsnote = {Provided by the SAO/NASA Astrophysics Data System}
}

@ARTICLE{2008MNRAS.385.1443S,
   author = {{Smith}, B. and {Sigurdsson}, S. and {Abel}, T.},
    title = "{Metal cooling in simulations of cosmic structure formation}",
  journal = {\mnras},
   eprint = {arXiv:0706.0754},
 keywords = {methods: numerical , stars: formation},
     year = 2008,
    month = apr,
   volume = 385,
    pages = {1443-1454},
      doi = {10.1111/j.1365-2966.2008.12922.x},
   adsurl = {http://adsabs.harvard.edu/abs/2008MNRAS.385.1443S},
  adsnote = {Provided by the SAO/NASA Astrophysics Data System}
}

@ARTICLE{2011ApJ...731....6S,
   author = {{Smith}, B.~D. and {Hallman}, E.~J. and {Shull}, J.~M. and {O'Shea}, B.~W.
	},
    title = "{The Nature of the Warm/Hot Intergalactic Medium. I. Numerical Methods, Convergence, and O VI Absorption}",
  journal = {\apj},
archivePrefix = "arXiv",
   eprint = {1009.0261},
 primaryClass = "astro-ph.CO",
 keywords = {cosmology: observations, intergalactic medium, quasars: absorption lines},
     year = 2011,
    month = apr,
   volume = 731,
    pages = {6-+},
      doi = {10.1088/0004-637X/731/1/6},
   adsurl = {http://adsabs.harvard.edu/abs/2011ApJ...731....6S},
  adsnote = {Provided by the SAO/NASA Astrophysics Data System}
}

@ARTICLE{1998PASP..110..761F,
   author = {{Ferland}, G.~J. and {Korista}, K.~T. and {Verner}, D.~A. and 
	{Ferguson}, J.~W. and {Kingdon}, J.~B. and {Verner}, E.~M.},
    title = "{CLOUDY 90: Numerical Simulation of Plasmas and Their Spectra}",
  journal = {\pasp},
     year = 1998,
    month = jul,
   volume = 110,
    pages = {761-778},
   adsurl = {http://adsabs.harvard.edu/cgi-bin/nph-bib_query?bibcode=1998PASP..110..761F&db_key=AST},
  adsnote = {Provided by the Smithsonian/NASA Astrophysics Data System}
}

@ARTICLE{2009Sci...325..601T,
   author = {{Turk}, M.~J. and {Abel}, T. and {O'Shea}, B.},
    title = "{The Formation of Population III Binaries from Cosmological Initial Conditions}",
  journal = {Science},
archivePrefix = "arXiv",
   eprint = {0907.2919},
 primaryClass = "astro-ph.CO",
     year = 2009,
    month = jul,
   volume = 325,
    pages = {601-},
      doi = {10.1126/science.1173540},
   adsurl = {http://adsabs.harvard.edu/abs/2009Sci...325..601T},
  adsnote = {Provided by the SAO/NASA Astrophysics Data System}
}

@ARTICLE{1996ApJ...461...20H,
   author = {{Haardt}, F. and {Madau}, P.},
    title = "{Radiative Transfer in a Clumpy Universe. II. The Ultraviolet Extragalactic Background}",
  journal = {\apj},
   eprint = {arXiv:astro-ph/9509093},
 keywords = {COSMOLOGY: THEORY, COSMOLOGY: DIFFUSE RADIATION, GALAXIES: INTERGALACTIC MEDIUM, GALAXIES: QUASARS: ABSORPTION LINES, RADIATIVE TRANSFER},
     year = 1996,
    month = apr,
   volume = 461,
    pages = {20},
      doi = {10.1086/177035},
   adsurl = {http://adsabs.harvard.edu/abs/1996ApJ...461...20H},
  adsnote = {Provided by the SAO/NASA Astrophysics Data System}
}

@ARTICLE{2012ApJ...746..125H,
   author = {{Haardt}, F. and {Madau}, P.},
    title = "{Radiative Transfer in a Clumpy Universe. IV. New Synthesis Models of the Cosmic UV/X-Ray Background}",
  journal = {\apj},
archivePrefix = "arXiv",
   eprint = {1105.2039},
 primaryClass = "astro-ph.CO",
 keywords = {cosmology: theory, diffuse radiation, intergalactic medium, galaxies: evolution, quasars: general},
     year = 2012,
    month = feb,
   volume = 746,
      eid = {125},
    pages = {125},
      doi = {10.1088/0004-637X/746/2/125},
   adsurl = {http://adsabs.harvard.edu/abs/2012ApJ...746..125H},
  adsnote = {Provided by the SAO/NASA Astrophysics Data System}
}

@ARTICLE{Mirocha12,
   author = {{Mirocha}, J. and {Skory}, S. and {Burns}, J.~O. and {Wise}, J.~H.
	},
    title = "{Optimized Multi-frequency Spectra for Applications in Radiative Feedback and Cosmological Reionization}",
  journal = {\apj},
archivePrefix = "arXiv",
   eprint = {1204.1944},
 primaryClass = "astro-ph.CO",
 keywords = {dark ages, reionization, first stars, methods: numerical, radiative transfer},
     year = 2012,
    month = sep,
   volume = 756,
      eid = {94},
    pages = {94},
      doi = {10.1088/0004-637X/756/1/94},
   adsurl = {http://adsabs.harvard.edu/abs/2012ApJ...756...94M},
  adsnote = {Provided by the SAO/NASA Astrophysics Data System}
}

@book{toro-1997,
   title = "Riemann solvers and numerical methods for fluid dynamics : a practical introduction",
   author = "Toro, E. F.",
   publisher = "Springer",
   address = "Berlin, New York",
   url = "http://opac.inria.fr/record=b1093563",
   isbn = "3-540-61676-4",
   year = 1997
}

@ARTICLE{2008ApJ...689..865K,
   author = {{Krumholz}, M.~R. and {McKee}, C.~F. and {Tumlinson}, J.},
    title = "{The Atomic-to-Molecular Transition in Galaxies. I. An Analytic Approximation for Photodissociation Fronts in Finite Clouds}",
  journal = {\apj},
archivePrefix = "arXiv",
   eprint = {0805.2947},
 keywords = {ISM: Clouds, ISM: Molecules, Molecular Processes, Radiative Transfer},
     year = 2008,
    month = dec,
   volume = 689,
    pages = {865-882},
      doi = {10.1086/592490},
   adsurl = {http://adsabs.harvard.edu/abs/2008ApJ...689..865K},
  adsnote = {Provided by the SAO/NASA Astrophysics Data System}
}

@book{laney-1998,
    author = {Laney, Culbert B.},
    isbn = {9780521625586},
    publisher = {Cambridge University Press},
    title = {Computational gasdynamics},
    url = {http://www.worldcat.org/isbn/9780521625586},
    year = {1998}
}

@ARTICLE{2009ApJ...693..216K,
   author = {{Krumholz}, M.~R. and {McKee}, C.~F. and {Tumlinson}, J.},
    title = "{The Atomic-to-Molecular Transition in Galaxies. II: H I and H$_{2}$ Column Densities}",
  journal = {\apj},
archivePrefix = "arXiv",
   eprint = {0811.0004},
 keywords = {galaxies: ISM, ISM: clouds, ISM: molecules, ISM: structure, molecular processes},
     year = 2009,
    month = mar,
   volume = 693,
    pages = {216-235},
      doi = {10.1088/0004-637X/693/1/216},
   adsurl = {http://adsabs.harvard.edu/abs/2009ApJ...693..216K},
  adsnote = {Provided by the SAO/NASA Astrophysics Data System}
}

@ARTICLE{2010ApJ...709..308M,
   author = {{McKee}, C.~F. and {Krumholz}, M.~R.},
    title = "{The Atomic-to-Molecular Transition in Galaxies. III. A New Method for Determining the Molecular Content of Primordial and Dusty Clouds}",
  journal = {\apj},
archivePrefix = "arXiv",
   eprint = {0908.0330},
 primaryClass = "astro-ph.GA",
 keywords = {ISM: clouds, ISM: molecules, molecular processes, radiative transfer, stars: formation},
     year = 2010,
    month = jan,
   volume = 709,
    pages = {308-320},
      doi = {10.1088/0004-637X/709/1/308},
   adsurl = {http://adsabs.harvard.edu/abs/2010ApJ...709..308M},
  adsnote = {Provided by the SAO/NASA Astrophysics Data System}
}

@ARTICLE{2007ApJ...654..304K,
   author = {{Krumholz}, M.~R. and {Tan}, J.~C.},
    title = "{Slow Star Formation in Dense Gas: Evidence and Implications}",
  journal = {\apj},
   eprint = {arXiv:astro-ph/0606277},
 keywords = {ISM: Clouds, Stars: Formation},
     year = 2007,
    month = jan,
   volume = 654,
    pages = {304-315},
      doi = {10.1086/509101},
   adsurl = {http://adsabs.harvard.edu/abs/2007ApJ...654..304K},
  adsnote = {Provided by the SAO/NASA Astrophysics Data System}
}

@ARTICLE{2008ApJ...685...40W,
   author = {{Wise}, J.~H. and {Abel}, T.},
    title = "{Resolving the Formation of Protogalaxies. III. Feedback from the First Stars}",
  journal = {\apj},
archivePrefix = "arXiv",
   eprint = {0710.3160},
 keywords = {Cosmology: Theory, Galaxies: Dwarf, Galaxies: High-Redshift, Stars: Formation},
     year = 2008,
    month = sep,
   volume = 685,
    pages = {40-56},
      doi = {10.1086/590417},
   adsurl = {http://adsabs.harvard.edu/abs/2008ApJ...685...40W},
  adsnote = {Provided by the SAO/NASA Astrophysics Data System}
}


@ARTICLE{2007ApJ...654...66O,
   author = {{O'Shea}, B.~W. and {Norman}, M.~L.},
    title = "{Population III Star Formation in a {$\Lambda$}CDM Universe. I. The Effect of Formation Redshift and Environment on Protostellar Accretion Rate}",
  journal = {\apj},
   eprint = {arXiv:astro-ph/0607013},
 keywords = {Cosmology: Theory, Galaxies: High-Redshift, Hydrodynamics, Stars: Formation},
     year = 2007,
    month = jan,
   volume = 654,
    pages = {66-92},
      doi = {10.1086/509250},
   adsurl = {http://adsabs.harvard.edu/abs/2007ApJ...654...66O},
  adsnote = {Provided by the SAO/NASA Astrophysics Data System}
}


@ARTICLE{2012MNRAS.427..311W,
   author = {{Wise}, J.~H. and {Abel}, T. and {Turk}, M.~J. and {Norman}, M.~L. and 
	{Smith}, B.~D.},
    title = "{The birth of a galaxy - II. The role of radiation pressure}",
  journal = {\mnras},
archivePrefix = "arXiv",
   eprint = {1206.1043},
 primaryClass = "astro-ph.CO",
 keywords = {hydrodynamics, radiative transfer, methods: numerical, galaxies: star formation},
     year = 2012,
    month = nov,
   volume = 427,
    pages = {311-326},
      doi = {10.1111/j.1365-2966.2012.21809.x},
   adsurl = {http://adsabs.harvard.edu/abs/2012MNRAS.427..311W},
  adsnote = {Provided by the SAO/NASA Astrophysics Data System}
}


@ARTICLE{2007ApJ...659L..87A,
   author = {{Abel}, T. and {Wise}, J.~H. and {Bryan}, G.~L.},
    title = "{The H II Region of a Primordial Star}",
  journal = {\apjl},
   eprint = {arXiv:astro-ph/0606019},
 keywords = {Cosmology: Theory, ISM: H II Regions, Stars: Formation},
     year = 2007,
    month = apr,
   volume = 659,
    pages = {L87-L90},
      doi = {10.1086/516820},
   adsurl = {http://adsabs.harvard.edu/abs/2007ApJ...659L..87A},
  adsnote = {Provided by the SAO/NASA Astrophysics Data System}
}


@ARTICLE{2002A&A...382...28S,
   author = {{Schaerer}, D.},
    title = "{On the properties of massive Population III stars and metal-free stellar populations}",
  journal = {\aap},
   eprint = {arXiv:astro-ph/0110697},
 keywords = {COSMOLOGY: EARLY UNIVERSE, GALAXIES: STELLAR CONTENT, STARS: GENERAL, STARS: FUNDAMENTAL PARAMETERS, STARS: ATMOSPHERES},
     year = 2002,
    month = jan,
   volume = 382,
    pages = {28-42},
      doi = {10.1051/0004-6361:20011619},
   adsurl = {http://adsabs.harvard.edu/abs/2002A%26A...382...28S},
  adsnote = {Provided by the SAO/NASA Astrophysics Data System}
}

@PHDTHESIS{2009PhDT.........5T,
   author = {{Turk}, M.~J.},
    title = "{The formation of primordial protostars}",
 keywords = {Protostars, Star formation, Population III stars, Adaptive mesh refinement},
   school = {Stanford University},
     year = 2009,
   adsurl = {http://adsabs.harvard.edu/abs/2009PhDT.........5T},
  adsnote = {Provided by the SAO/NASA Astrophysics Data System}
}




@ARTICLE{2008CS&D....1a5003H,
   author = {{Heitmann}, K. and {Luki{\'c}}, Z. and {Fasel}, P. and {Habib}, S. and 
	{Warren}, M.~S. and {White}, M. and {Ahrens}, J. and {Ankeny}, L. and 
	{Armstrong}, R. and {O'Shea}, B. and {Ricker}, P.~M. and {Springel}, V. and 
	{Stadel}, J. and {Trac}, H.},
    title = "{The cosmic code comparison project}",
  journal = {Computational Science and Discovery},
archivePrefix = "arXiv",
   eprint = {0706.1270},
     year = 2008,
    month = oct,
   volume = 1,
   number = 1,
    pages = {015003},
      doi = {10.1088/1749-4699/1/1/015003},
   adsurl = {http://adsabs.harvard.edu/abs/2008CS%26D....1a5003H},
  adsnote = {Provided by the SAO/NASA Astrophysics Data System}
}


@ARTICLE{2007MNRAS.380..963A,
   author = {{Agertz}, O. and {Moore}, B. and {Stadel}, J. and {Potter}, D. and 
	{Miniati}, F. and {Read}, J. and {Mayer}, L. and {Gawryszczak}, A. and 
	{Kravtsov}, A. and {Nordlund}, {\AA}. and {Pearce}, F. and {Quilis}, V. and 
	{Rudd}, D. and {Springel}, V. and {Stone}, J. and {Tasker}, E. and 
	{Teyssier}, R. and {Wadsley}, J. and {Walder}, R.},
    title = "{Fundamental differences between SPH and grid methods}",
  journal = {\mnras},
   eprint = {arXiv:astro-ph/0610051},
 keywords = {hydrodynamics, instabilities, turbulence, methods: numerical, ISM: clouds, galaxies: evolution, galaxies: formation, galaxies: general},
     year = 2007,
    month = sep,
   volume = 380,
    pages = {963-978},
      doi = {10.1111/j.1365-2966.2007.12183.x},
   adsurl = {http://adsabs.harvard.edu/abs/2007MNRAS.380..963A},
  adsnote = {Provided by the SAO/NASA Astrophysics Data System}
}




@ARTICLE{2011ApJ...737...13K,
   author = {{Kritsuk}, A.~G. and {Nordlund}, {\AA}. and {Collins}, D. and 
	{Padoan}, P. and {Norman}, M.~L. and {Abel}, T. and {Banerjee}, R. and 
	{Federrath}, C. and {Flock}, M. and {Lee}, D. and {Li}, P.~S. and 
	{M{\"u}ller}, W.-C. and {Teyssier}, R. and {Ustyugov}, S.~D. and 
	{Vogel}, C. and {Xu}, H.},
    title = "{Comparing Numerical Methods for Isothermal Magnetized Supersonic Turbulence}",
  journal = {\apj},
archivePrefix = "arXiv",
   eprint = {1103.5525},
 primaryClass = "astro-ph.SR",
 keywords = {ISM: structure, magnetohydrodamics: MHD, methods: numerical, turbulence},
     year = 2011,
    month = aug,
   volume = 737,
      eid = {13},
    pages = {13},
      doi = {10.1088/0004-637X/737/1/13},
   adsurl = {http://adsabs.harvard.edu/abs/2011ApJ...737...13K},
  adsnote = {Provided by the SAO/NASA Astrophysics Data System}
}


@ARTICLE{2007MNRAS.374..196R,
   author = {{Regan}, J.~A. and {Haehnelt}, M.~G. and {Viel}, M.},
    title = "{Numerical simulations of the Lyman {$\alpha$} forest - a comparison of GADGET-2 and ENZO}",
  journal = {\mnras},
   eprint = {arXiv:astro-ph/0606638},
 keywords = {methods: numerical, cosmology: theory, large-scale structure of Universe},
     year = 2007,
    month = jan,
   volume = 374,
    pages = {196-205},
      doi = {10.1111/j.1365-2966.2006.11132.x},
   adsurl = {http://adsabs.harvard.edu/abs/2007MNRAS.374..196R},
  adsnote = {Provided by the SAO/NASA Astrophysics Data System}
}

@ARTICLE{2011ApJ...726...55T,
   author = {{Turk}, M.~J. and {Clark}, P. and {Glover}, S.~C.~O. and {Greif}, T.~H. and 
	{Abel}, T. and {Klessen}, R. and {Bromm}, V.},
    title = "{Effects of Varying the Three-body Molecular Hydrogen Formation Rate in Primordial Star Formation}",
  journal = {\apj},
archivePrefix = "arXiv",
   eprint = {1011.1908},
 primaryClass = "astro-ph.CO",
 keywords = {cosmology: theory, galaxies: formation, H II regions, stars: formation},
     year = 2011,
    month = jan,
   volume = 726,
      eid = {55},
    pages = {55},
      doi = {10.1088/0004-637X/726/1/55},
   adsurl = {http://adsabs.harvard.edu/abs/2011ApJ...726...55T},
  adsnote = {Provided by the SAO/NASA Astrophysics Data System}
}

@ARTICLE{2012ApJ...744...52P,
   author = {{Passy}, J.-C. and {De Marco}, O. and {Fryer}, C.~L. and {Herwig}, F. and 
	{Diehl}, S. and {Oishi}, J.~S. and {Mac Low}, M.-M. and {Bryan}, G.~L. and 
	{Rockefeller}, G.},
    title = "{Simulating the Common Envelope Phase of a Red Giant Using Smoothed-particle Hydrodynamics and Uniform-grid Codes}",
  journal = {\apj},
archivePrefix = "arXiv",
   eprint = {1107.5072},
 primaryClass = "astro-ph.SR",
 keywords = {binaries: close, binaries: general, hydrodynamics, methods: numerical, stars: evolution},
     year = 2012,
    month = jan,
   volume = 744,
      eid = {52},
    pages = {52},
      doi = {10.1088/0004-637X/744/1/52},
   adsurl = {http://adsabs.harvard.edu/abs/2012ApJ...744...52P},
  adsnote = {Provided by the SAO/NASA Astrophysics Data System}
}

@ARTICLE{2012ApJ...749...36K,
   author = {{Kuhlen}, M. and {Krumholz}, M.~R. and {Madau}, P. and {Smith}, B.~D. and 
	{Wise}, J.},
    title = "{Dwarf Galaxy Formation with H$_{2}$-regulated Star Formation}",
  journal = {\apj},
archivePrefix = "arXiv",
   eprint = {1105.2376},
 primaryClass = "astro-ph.CO",
 keywords = {cosmology: theory, galaxies: dwarf, galaxies: formation, galaxies: halos, methods: numerical},
     year = 2012,
    month = apr,
   volume = 749,
      eid = {36},
    pages = {36},
      doi = {10.1088/0004-637X/749/1/36},
   adsurl = {http://adsabs.harvard.edu/abs/2012ApJ...749...36K},
  adsnote = {Provided by the SAO/NASA Astrophysics Data System}
}

@ARTICLE{2011MNRAS.418..960V,
   author = {{Vazza}, F. and {Dolag}, K. and {Ryu}, D. and {Brunetti}, G. and 
	{Gheller}, C. and {Kang}, H. and {Pfrommer}, C.},
    title = "{A comparison of cosmological codes: properties of thermal gas and shock waves in large-scale structures}",
  journal = {\mnras},
archivePrefix = "arXiv",
   eprint = {1106.2159},
 primaryClass = "astro-ph.CO",
 keywords = {methods: numerical, galaxies: clusters: general, intergalactic medium, large-scale structure of Universe},
     year = 2011,
    month = dec,
   volume = 418,
    pages = {960-985},
      doi = {10.1111/j.1365-2966.2011.19546.x},
   adsurl = {http://adsabs.harvard.edu/abs/2011MNRAS.418..960V},
  adsnote = {Provided by the SAO/NASA Astrophysics Data System}
}



@ARTICLE{2005MNRAS.364..909V,
   author = {{Voit}, G.~M. and {Kay}, S.~T. and {Bryan}, G.~L.},
    title = "{The baseline intracluster entropy profile from gravitational structure formation}",
  journal = {\mnras},
   eprint = {arXiv:astro-ph/0511252},
 keywords = {galaxies: clusters: general, galaxies: evolution, intergalactic medium, cosmology: theory, X-rays: galaxies: clusters},
     year = 2005,
    month = dec,
   volume = 364,
    pages = {909-916},
      doi = {10.1111/j.1365-2966.2005.09621.x},
   adsurl = {http://adsabs.harvard.edu/abs/2005MNRAS.364..909V},
  adsnote = {Provided by the SAO/NASA Astrophysics Data System}
}


@ARTICLE{2012ApJS..201...18M,
   author = {{McNally}, C.~P. and {Lyra}, W. and {Passy}, J.-C.},
    title = "{A Well-posed Kelvin-Helmholtz Instability Test and Comparison}",
  journal = {\apjs},
archivePrefix = "arXiv",
   eprint = {1111.1764},
 primaryClass = "astro-ph.IM",
 keywords = {hydrodynamics, instabilities, methods: numerical},
     year = 2012,
    month = aug,
   volume = 201,
      eid = {18},
    pages = {18},
      doi = {10.1088/0067-0049/201/2/18},
   adsurl = {http://adsabs.harvard.edu/abs/2012ApJS..201...18M},
  adsnote = {Provided by the SAO/NASA Astrophysics Data System}
}


@ARTICLE{2009A&A...508..541K,
   author = {{Kitsionas}, S. and {Federrath}, C. and {Klessen}, R.~S. and 
	{Schmidt}, W. and {Price}, D.~J. and {Dursi}, L.~J. and {Gritschneder}, M. and 
	{Walch}, S. and {Piontek}, R. and {Kim}, J. and {Jappsen}, A.-K. and 
	{Ciecielag}, P. and {Mac Low}, M.-M.},
    title = "{Algorithmic comparisons of decaying, isothermal, supersonic turbulence}",
  journal = {\aap},
archivePrefix = "arXiv",
   eprint = {0810.4599},
 keywords = {hydrodynamics, shock waves, methods: numerical, turbulence},
     year = 2009,
    month = dec,
   volume = 508,
    pages = {541-560},
      doi = {10.1051/0004-6361/200811170},
   adsurl = {http://adsabs.harvard.edu/abs/2009A%26A...508..541K},
  adsnote = {Provided by the SAO/NASA Astrophysics Data System}
}

@ARTICLE{2010MNRAS.401.2463R,
   author = {{Robertson}, B.~E. and {Kravtsov}, A.~V. and {Gnedin}, N.~Y. and 
	{Abel}, T. and {Rudd}, D.~H.},
    title = "{Computational Eulerian hydrodynamics and Galilean invariance}",
  journal = {\mnras},
archivePrefix = "arXiv",
   eprint = {0909.0513},
 primaryClass = "astro-ph.CO",
 keywords = {hydrodynamics, instabilities, methods: numerical},
     year = 2010,
    month = feb,
   volume = 401,
    pages = {2463-2476},
      doi = {10.1111/j.1365-2966.2009.15823.x},
   adsurl = {http://adsabs.harvard.edu/abs/2010MNRAS.401.2463R},
  adsnote = {Provided by the SAO/NASA Astrophysics Data System}
}

@ARTICLE{WangAbel09,
   author = {{Wang}, P. and {Abel}, T.},
    title = "{Magnetohydrodynamic Simulations of Disk Galaxy Formation: The Magnetization of the Cold and Warm Medium}",
  journal = {\apj},
archivePrefix = "arXiv",
   eprint = {0712.0872},
 keywords = {galaxies: formation, galaxies: ISM},
     year = 2009,
    month = may,
   volume = 696,
    pages = {96-109},
      doi = {10.1088/0004-637X/696/1/96},
   adsurl = {http://adsabs.harvard.edu/abs/2009ApJ...696...96W},
  adsnote = {Provided by the SAO/NASA Astrophysics Data System}
}

@ARTICLE{WangAbelZhang08,
   author = {{Wang}, P. and {Abel}, T. and {Zhang}, W.},
    title = "{Relativistic Hydrodynamic Flows Using Spatial and Temporal Adaptive Structured Mesh Refinement}",
  journal = {\apjs},
   eprint = {arXiv:astro-ph/0703742},
 keywords = {Hydrodynamics, Methods: Numerical, Relativity},
     year = 2008,
    month = jun,
   volume = 176,
    pages = {467-483},
      doi = {10.1086/529434},
   adsurl = {http://adsabs.harvard.edu/abs/2008ApJS..176..467W},
  adsnote = {Provided by the SAO/NASA Astrophysics Data System}
}

@ARTICLE{WiseAbel05,
   author = {{Wise}, J.~H. and {Abel}, T.},
    title = "{The Number of Supernovae from Primordial Stars in the Universe}",
  journal = {\apj},
   eprint = {arXiv:astro-ph/0411558},
 keywords = {Cosmology: Theory, Cosmology: Early Universe, Stars: Supernovae: General},
     year = 2005,
    month = aug,
   volume = 629,
    pages = {615-624},
      doi = {10.1086/430434},
   adsurl = {http://adsabs.harvard.edu/abs/2005ApJ...629..615W},
  adsnote = {Provided by the SAO/NASA Astrophysics Data System}
}

@ARTICLE{AbelWandelt02,
   author = {{Abel}, T. and {Wandelt}, B.~D.},
    title = "{Adaptive ray tracing for radiative transfer around point sources}",
  journal = {\mnras},
   eprint = {arXiv:astro-ph/0111033},
 keywords = {HYDRODYNAMICS, RADIATIVE TRANSFER, METHODS: N -BODY SIMULATIONS, METHODS: NUMERICAL, ISM: EVOLUTION, COSMOLOGY: THEORY, hydrodynamics; radiative transfer; methods: N-body simulations; methods: numerical; ISM: evolution; cosmology: theory},
     year = 2002,
    month = mar,
   volume = 330,
    pages = {L53-L56},
      doi = {10.1046/j.1365-8711.2002.05206.x},
   adsurl = {http://adsabs.harvard.edu/abs/2002MNRAS.330L..53A},
  adsnote = {Provided by the SAO/NASA Astrophysics Data System}
}

@ARTICLE{James77,
   author = {{James}, R.~A.},
    title = "{The Solution of Poisson's Equation for Isolated Source Distributions}",
  journal = {Journal of Computational Physics},
     year = 1977,
    month = oct,
   volume = 25,
    pages = {71},
      doi = {10.1016/0021-9991(77)90013-4},
   adsurl = {http://adsabs.harvard.edu/abs/1977JCoPh..25...71J},
  adsnote = {Provided by the SAO/NASA Astrophysics Data System}
}

@ARTICLE{Kirkman05,
   author = {{Kirkman}, D. and {Tytler}, D. and {Suzuki}, N. and {Melis}, C. and 
	{Hollywood}, S. and {James}, K. and {So}, G. and {Lubin}, D. and 
	{Jena}, T. and {Norman}, M.~L. and {Paschos}, P.},
    title = "{The HI opacity of the intergalactic medium at redshifts 1.6 {\lt} z {\lt} 3.2}",
  journal = {\mnras},
   eprint = {arXiv:astro-ph/0504391},
 keywords = {intergalactic medium: quasars: absorption lines: cosmology: observations, intergalactic medium, quasars: absorption lines, cosmology: observations},
     year = 2005,
    month = jul,
   volume = 360,
    pages = {1373-1380},
      doi = {10.1111/j.1365-2966.2005.09126.x},
   adsurl = {http://adsabs.harvard.edu/abs/2005MNRAS.360.1373K},
  adsnote = {Provided by the SAO/NASA Astrophysics Data System}
}


@ARTICLE{MadauEfstathiou99,
   author = {{Madau}, P. and {Efstathiou}, G.},
    title = "{Compton Heating of the Intergalactic Medium by the Hard X-Ray Background}",
  journal = {\apjl},
   eprint = {arXiv:astro-ph/9902080},
 keywords = {COSMOLOGY: THEORY, COSMOLOGY: DIFFUSE RADIATION, GALAXIES: INTERGALACTIC MEDIUM, GALAXIES: QUASARS: ABSORPTION LINES, X-RAYS: GENERAL},
     year = 1999,
    month = may,
   volume = 517,
    pages = {L9-L12},
      doi = {10.1086/312022},
   adsurl = {http://adsabs.harvard.edu/abs/1999ApJ...517L...9M},
  adsnote = {Provided by the SAO/NASA Astrophysics Data System}
}

@INPROCEEDINGS{HaardtMadau01,
   author = {{Haardt}, F. and {Madau}, P.},
    title = "{Modelling the UV/X-ray cosmic background with CUBA}",
booktitle = {Clusters of Galaxies and the High Redshift Universe Observed in X-rays},
     year = 2001,
   eprint = {arXiv:astro-ph/0106018},
   editor = {{Neumann}, D.~M. and {Tran}, J.~T.~V.},
   adsurl = {http://adsabs.harvard.edu/abs/2001cghr.confE..64H},
  adsnote = {Provided by the SAO/NASA Astrophysics Data System}
}

@ARTICLE{TrentiStiavelli09,
   author = {{Trenti}, M. and {Stiavelli}, M.},
    title = "{Formation Rates of Population III Stars and Chemical Enrichment of Halos during the Reionization Era}",
  journal = {\apj},
archivePrefix = "arXiv",
   eprint = {0901.0711},
 primaryClass = "astro-ph.CO",
 keywords = {early universe, cosmology: theory, galaxies: high-redshift, ISM: evolution, stars: formation},
     year = 2009,
    month = apr,
   volume = 694,
    pages = {879-892},
      doi = {10.1088/0004-637X/694/2/879},
   adsurl = {http://adsabs.harvard.edu/abs/2009ApJ...694..879T},
  adsnote = {Provided by the SAO/NASA Astrophysics Data System}
}

@ARTICLE{2009MNRAS.399.1934P,
   author = {{Paschos}, P. and {Jena}, T. and {Tytler}, D. and {Kirkman}, D. and 
	{Norman}, M.~L.},
    title = "{The Ly{$\alpha$} forest at redshifts 0.1-1.6: good agreement between a large hydrodynamic simulation and HST spectra}",
  journal = {\mnras},
archivePrefix = "arXiv",
   eprint = {0802.3730},
 keywords = {intergalactic medium , quasars: absorption lines , cosmology: observations},
     year = 2009,
    month = nov,
   volume = 399,
    pages = {1934-1953},
      doi = {10.1111/j.1365-2966.2009.15140.x},
   adsurl = {http://adsabs.harvard.edu/abs/2009MNRAS.399.1934P},
  adsnote = {Provided by the SAO/NASA Astrophysics Data System}
}

@ARTICLE{2005MNRAS.361...70J,
   author = {{Jena}, T. and {Norman}, M.~L. and {Tytler}, D. and {Kirkman}, D. and 
	{Suzuki}, N. and {Chapman}, A. and {Melis}, C. and {Paschos}, P. and 
	{O'Shea}, B. and {So}, G. and {Lubin}, D. and {Lin}, W.-C. and 
	{Reimers}, D. and {Janknecht}, E. and {Fechner}, C.},
    title = "{A concordance model of the Lyman {$\alpha$} forest at z= 1.95}",
  journal = {\mnras},
   eprint = {arXiv:astro-ph/0412557},
 keywords = {intergalactic medium, quasars: absorption lines, cosmological parameters},
     year = 2005,
    month = jul,
   volume = 361,
    pages = {70-96},
      doi = {10.1111/j.1365-2966.2005.09095.x},
   adsurl = {http://adsabs.harvard.edu/abs/2005MNRAS.361...70J},
  adsnote = {Provided by the SAO/NASA Astrophysics Data System}
}

@ARTICLE{2004ApJ...601L.115N,
   author = {{Norman}, M.~L. and {O'Shea}, B.~W. and {Paschos}, P.},
    title = "{Did Massive Primordial Stars Preenrich the Ly{$\alpha$} Forest?}",
  journal = {\apjl},
   eprint = {arXiv:astro-ph/0310758},
 keywords = {Cosmology: Theory, Galaxies: Formation, Galaxies: Intergalactic Medium},
     year = 2004,
    month = feb,
   volume = 601,
    pages = {L115-L118},
      doi = {10.1086/382045},
   adsurl = {http://adsabs.harvard.edu/abs/2004ApJ...601L.115N},
  adsnote = {Provided by the SAO/NASA Astrophysics Data System}
}

@Book{feynman1999feynman,
 author = {Feynman, Richard},
 title = {Feynman lectures on computation},
 publisher = {Perseus Books},
 year = {1999},
 address = {Cambridge, Mass},
 isbn = {978-0738202969}
 }

@ARTICLE{2008ApJS..178..137S,
   author = {{Stone}, J.~M. and {Gardiner}, T.~A. and {Teuben}, P. and {Hawley}, J.~F. and 
	{Simon}, J.~B.},
    title = "{Athena: A New Code for Astrophysical MHD}",
  journal = {\apjs},
archivePrefix = "arXiv",
   eprint = {0804.0402},
 keywords = {Hydrodynamics, Magnetohydrodynamics: MHD, Methods: Numerical},
     year = 2008,
    month = sep,
   volume = 178,
    pages = {137-177},
      doi = {10.1086/588755},
   adsurl = {http://adsabs.harvard.edu/abs/2008ApJS..178..137S},
  adsnote = {Provided by the SAO/NASA Astrophysics Data System}
}

@ARTICLE{1970A&A.....5...84Z,
   author = {{Zel'dovich}, Y.~B.},
    title = "{Gravitational instability: An approximate theory for large density perturbations.}",
  journal = {\aap},
     year = 1970,
    month = mar,
   volume = 5,
    pages = {84-89},
   adsurl = {http://adsabs.harvard.edu/abs/1970A%26A.....5...84Z},
  adsnote = {Provided by the SAO/NASA Astrophysics Data System}
}

@ARTICLE{2008ApJ...677L...9P,
   author = {{Parrish}, I.~J. and {Quataert}, E.},
    title = "{Nonlinear Simulations of the Heat-Flux-driven Buoyancy Instability and Its Implications for Galaxy Clusters}",
  journal = {\apjl},
archivePrefix = "arXiv",
   eprint = {0712.3048},
 keywords = {Convection, Galaxies: Clusters: General, Instabilities, Magnetohydrodynamics: MHD, Plasmas},
     year = 2008,
    month = apr,
   volume = 677,
    pages = {L9-L12},
      doi = {10.1086/587937},
   adsurl = {http://adsabs.harvard.edu/abs/2008ApJ...677L...9P},
  adsnote = {Provided by the SAO/NASA Astrophysics Data System}
}

@ARTICLE{2008ApJ...688..905P,
   author = {{Parrish}, I.~J. and {Stone}, J.~M. and {Lemaster}, N.},
    title = "{The Magnetothermal Instability in the Intracluster Medium}",
  journal = {\apj},
archivePrefix = "arXiv",
   eprint = {0806.2148},
 keywords = {Convection, Galaxies: Clusters: General, Instabilities, Magnetohydrodynamics: MHD, Plasmas, X-Rays: Galaxies: Clusters},
     year = 2008,
    month = dec,
   volume = 688,
    pages = {905-917},
      doi = {10.1086/592380},
   adsurl = {http://adsabs.harvard.edu/abs/2008ApJ...688..905P},
  adsnote = {Provided by the SAO/NASA Astrophysics Data System}
}

@ARTICLE{Sod78,
   author = {{Sod}, G.~A.},
    title = "{A survey of several finite difference methods for systems of nonlinear hyperbolic conservation laws}",
  journal = {Journal of Computational Physics},
 keywords = {CONSERVATION LAWS, FINITE DIFFERENCE THEORY, FLOW EQUATIONS, GAS FLOW, HYPERBOLIC DIFFERENTIAL EQUATIONS, NONLINEAR EQUATIONS, CARTESIAN COORDINATES, FLOW THEORY, GAS DYNAMICS, ONE DIMENSIONAL FLOW, SHOCK TUBES},
     year = 1978,
    month = apr,
   volume = 27,
    pages = {1-31},
      doi = {10.1016/0021-9991(78)90023-2},
   adsurl = {http://adsabs.harvard.edu/abs/1978JCoPh..27....1S},
  adsnote = {Provided by the SAO/NASA Astrophysics Data System}
}

@ARTICLE{2013ApJ...763...38S,
   author = {{Skory}, S. and {Hallman}, E. and {Burns}, J.~O. and {Skillman}, S.~W. and 
	{O'Shea}, B.~W. and {Smith}, B.~D.},
    title = "{On the Road to More Realistic Galaxy Cluster Simulations: The Effects of Radiative Cooling and Thermal Feedback Prescriptions on the Observational Properties of Simulated Galaxy Clusters}",
  journal = {\apj},
archivePrefix = "arXiv",
   eprint = {1211.3117},
 primaryClass = "astro-ph.CO",
 keywords = {cosmology: theory, galaxies: clusters: general, hydrodynamics, intergalactic medium, methods: numerical },
     year = 2013,
    month = jan,
   volume = 763,
      eid = {38},
    pages = {38},
      doi = {10.1088/0004-637X/763/1/38},
   adsurl = {http://adsabs.harvard.edu/abs/2013ApJ...763...38S},
  adsnote = {Provided by the SAO/NASA Astrophysics Data System}
}

@ARTICLE{2003ApJ...587...13T,
   author = {{Tassis}, K. and {Abel}, T. and {Bryan}, G.~L. and {Norman}, M.~L.
	},
    title = "{Numerical Simulations of High-Redshift Star Formation in Dwarf Galaxies}",
  journal = {\apj},
   eprint = {arXiv:astro-ph/0212457},
 keywords = {Cosmology: Theory, Cosmology: Early Universe, Galaxies: Dwarf, Galaxies: Evolution, Galaxies: Formation, Stars: Formation},
     year = 2003,
    month = apr,
   volume = 587,
    pages = {13-24},
      doi = {10.1086/368148},
   adsurl = {http://adsabs.harvard.edu/abs/2003ApJ...587...13T},
  adsnote = {Provided by the SAO/NASA Astrophysics Data System}
}


@ARTICLE{2012ApJ...749..140H,
   author = {{Hummels}, C.~B. and {Bryan}, G.~L.},
    title = "{Adaptive Mesh Refinement Simulations of Galaxy Formation: Exploring Numerical and Physical Parameters}",
  journal = {\apj},
archivePrefix = "arXiv",
   eprint = {1112.0009},
 primaryClass = "astro-ph.GA",
 keywords = {galaxies: evolution, galaxies: formation, hydrodynamics, methods: numerical},
     year = 2012,
    month = apr,
   volume = 749,
      eid = {140},
    pages = {140},
      doi = {10.1088/0004-637X/749/2/140},
   adsurl = {http://adsabs.harvard.edu/abs/2012ApJ...749..140H},
  adsnote = {Provided by the SAO/NASA Astrophysics Data System}
}


@ARTICLE{Bertschinger1985,
   author = {{Bertschinger}, E.},
    title = "{Self-similar secondary infall and accretion in an Einstein-de Sitter universe}",
  journal = {\apjs},
 keywords = {ACCRETION DISKS, BLACK HOLES (ASTRONOMY), COSMOLOGY, GALACTIC CLUSTERS, GALACTIC EVOLUTION, HYDRODYNAMICS, RELATIVITY, COLLISIONAL PLASMAS, COLLISIONLESS PLASMAS, DENSITY DISTRIBUTION, GALACTIC STRUCTURE, GRAVITATIONAL COLLAPSE, PERTURBATION THEORY, SHOCK WAVE PROPAGATION, SIMILARITY THEOREM},
     year = 1985,
    month = may,
   volume = 58,
    pages = {39-65},
      doi = {10.1086/191028},
   adsurl = {http://adsabs.harvard.edu/abs/1985ApJS...58...39B},
  adsnote = {Provided by the SAO/NASA Astrophysics Data System}
}


@Book{AtkinsonHan2004,
  author = 	 {{Atkinson}, K. and {Han}, W.},
  title = 	 {Elementary Numerical Analysis},
  publisher = 	 {John Wiley \& Sons, Inc.},
  year = 	 {2004},
  edition = 	 {3},
}

@INPROCEEDINGS{Norman86,
   author = {{Norman}, M.~L. and {Winkler}, K.-H.~A.},
    title = "{2-D Eulerian Hydrodynamics with Fluid Interfaces, Self-Gravity and Rotation}",
booktitle = {Astrophysical Radiation Hydrodynamics},
     year = 1986,
   editor = {{Winkler}, K.-H.~A. and {Norman}, M.~L.},
    pages = {187},
   adsurl = {http://adsabs.harvard.edu/abs/1986arh..conf..187N},
}

@ARTICLE{2011ApJ...738...54K,
   author = {{Kim}, J.-h. and {Wise}, J.~H. and {Alvarez}, M.~A. and {Abel}, T.
	},
    title = "{Galaxy Formation with Self-consistently Modeled Stars and Massive Black Holes. I. Feedback-regulated Star Formation and Black Hole Growth}",
  journal = {\apj},
archivePrefix = "arXiv",
   eprint = {1106.4007},
 primaryClass = "astro-ph.GA",
 keywords = {galaxies: active, galaxies: formation, galaxies: nuclei, stars: formation},
     year = 2011,
    month = sep,
   volume = 738,
      eid = {54},
    pages = {54},
      doi = {10.1088/0004-637X/738/1/54},
   adsurl = {http://adsabs.harvard.edu/abs/2011ApJ...738...54K},
  adsnote = {Provided by the SAO/NASA Astrophysics Data System}
}

@ARTICLE{Hawley84,
   author = {{Hawley}, J.~F. and {Smarr}, L.~L. and {Wilson}, J.~R.},
    title = "{A numerical study of nonspherical black hole accretion. II - Finite differencing and code calibration}",
  journal = {\apjs},
 keywords = {BLACK HOLES (ASTRONOMY), COMPUTATIONAL FLUID DYNAMICS, FINITE DIFFERENCE THEORY, GAS DYNAMICS, STELLAR MASS ACCRETION, CALIBRATING, CODES, COSMIC DUST, HYDRODYNAMIC EQUATIONS, INVISCID FLOW, RELATIVISTIC EFFECTS, SHOCK TUBES},
     year = 1984,
    month = jun,
   volume = 55,
    pages = {211-246},
      doi = {10.1086/190953},
   adsurl = {http://adsabs.harvard.edu/abs/1984ApJS...55..211H},
}

@ARTICLE{2008MNRAS.388.1627G,
   author = {{Glover}, S.~C.~O. and {Abel}, T.},
    title = "{Uncertainties in H$_{2}$ and HD chemistry and cooling and their role in early structure formation}",
  journal = {\mnras},
archivePrefix = "arXiv",
   eprint = {0803.1768},
 keywords = {molecular data , molecular processes , stars: formation , cosmology: theory},
     year = 2008,
    month = aug,
   volume = 388,
    pages = {1627-1651},
      doi = {10.1111/j.1365-2966.2008.13224.x},
   adsurl = {http://adsabs.harvard.edu/abs/2008MNRAS.388.1627G},
  adsnote = {Provided by the SAO/NASA Astrophysics Data System}
}

@ARTICLE{1983ApJ...270..578L,
   author = {{Lepp}, S. and {Shull}, J.~M.},
    title = "{The kinetic theory of H2 dissociation}",
  journal = {\apj},
 keywords = {GAS DISSOCIATION, HYDROGEN CLOUDS, INTERSTELLAR MATTER, KINETIC THEORY, MOLECULAR CLOUDS, MOLECULAR COLLISIONS, MOLECULAR EXCITATION},
     year = 1983,
    month = jul,
   volume = 270,
    pages = {578-582},
      doi = {10.1086/161149},
   adsurl = {http://adsabs.harvard.edu/abs/1983ApJ...270..578L},
  adsnote = {Provided by the SAO/NASA Astrophysics Data System}
}

@ARTICLE{1985JCoPh..59..264C,
   author = {{Colella}, P. and {Glaz}, H.~M.},
    title = "{Efficient solution algorithms for the Riemann problem for real gases}",
  journal = {Journal of Computational Physics},
 keywords = {CAUCHY PROBLEM, COMPRESSIBLE FLOW, EQUATIONS OF STATE, GAS DYNAMICS, INVISCID FLOW, POLYTROPIC PROCESSES, ALGORITHMS, BOUNDARY VALUE PROBLEMS, CARTESIAN COORDINATES, FINITE DIFFERENCE THEORY, JACOBI MATRIX METHOD, RANKINE-HUGONIOT RELATION, SHOCK TUBES, SHOCK WAVES},
     year = 1985,
    month = jun,
   volume = 59,
    pages = {264-289},
      doi = {10.1016/0021-9991(85)90146-9},
   adsurl = {http://adsabs.harvard.edu/abs/1985JCoPh..59..264C},
  adsnote = {Provided by the SAO/NASA Astrophysics Data System}
}


@ARTICLE{1988JCoPh..77..439S,
   author = {{Shu}, C.-W. and {Osher}, S.},
    title = "{Efficient Implementation of Essentially Non-oscillatory Shock-Capturing Schemes}",
  journal = {Journal of Computational Physics},
     year = 1988,
    month = aug,
   volume = 77,
    pages = {439},
      doi = {10.1016/0021-9991(88)90177-5},
   adsurl = {http://adsabs.harvard.edu/abs/1988JCoPh..77..439S},
  adsnote = {Provided by the SAO/NASA Astrophysics Data System}
}

@ARTICLE{2012MNRAS.425..641L,
  author = {{Lackner}, C.~N. and {Cen}, R. and {Ostriker}, J.~P. and {Joung}, M.~R.
	},
   title = "{Building galaxies by accretion and in situ star formation}",
 journal = {\mnras},
archivePrefix = "arXiv",
  eprint = {1206.0295},
primaryClass = "astro-ph.CO",
keywords = {methods: numerical, galaxies: evolution, galaxies: formation },
    year = 2012,
   month = sep,
  volume = 425,
   pages = {641-656},
     doi = {10.1111/j.1365-2966.2012.21525.x},
  adsurl = {http://adsabs.harvard.edu/abs/2012MNRAS.425..641L},
 adsnote = {Provided by the SAO/NASA Astrophysics Data System}
}

@ARTICLE{2011ApJ...727L..20K,
   author = {{Kritsuk}, A.~G. and {Norman}, M.~L. and {Wagner}, R.},
    title = "{On the Density Distribution in Star-forming Interstellar Clouds}",
  journal = {\apjl},
archivePrefix = "arXiv",
   eprint = {1007.2950},
 primaryClass = "astro-ph.GA",
 keywords = {ISM: structure, methods: numerical, stars: formation, turbulence},
     year = 2011,
    month = jan,
   volume = 727,
      eid = {L20},
    pages = {L20},
      doi = {10.1088/2041-8205/727/1/L20},
   adsurl = {http://adsabs.harvard.edu/abs/2011ApJ...727L..20K},
  adsnote = {Provided by the SAO/NASA Astrophysics Data System}
}


@ARTICLE{2007ApJ...665..416K,
   author = {{Kritsuk}, A.~G. and {Norman}, M.~L. and {Padoan}, P. and {Wagner}, R.
	},
    title = "{The Statistics of Supersonic Isothermal Turbulence}",
  journal = {\apj},
archivePrefix = "arXiv",
   eprint = {0704.3851},
 keywords = {Hydrodynamics, Instabilities, ISM: Structure, Methods: Numerical, Turbulence},
     year = 2007,
    month = aug,
   volume = 665,
    pages = {416-431},
      doi = {10.1086/519443},
   adsurl = {http://adsabs.harvard.edu/abs/2007ApJ...665..416K},
  adsnote = {Provided by the SAO/NASA Astrophysics Data System}
}



@INPROCEEDINGS{2009ASPC..406...15K,
   author = {{Kritsuk}, A.~G. and {Ustyugov}, S.~D. and {Norman}, M.~L. and 
	{Padoan}, P.},
    title = "{Simulations of Supersonic Turbulence in Molecular Clouds: Evidence for a New Universality}",
booktitle = {Numerical Modeling of Space Plasma Flows: ASTRONUM-2008},
     year = 2009,
   series = {Astronomical Society of the Pacific Conference Series},
   volume = 406,
archivePrefix = "arXiv",
   eprint = {0902.3222},
 primaryClass = "astro-ph.GA",
   editor = {{Pogorelov}, N.~V. and {Audit}, E. and {Colella}, P. and {Zank}, G.~P.
	},
    month = apr,
    pages = {15},
   adsurl = {http://adsabs.harvard.edu/abs/2009ASPC..406...15K},
  adsnote = {Provided by the SAO/NASA Astrophysics Data System}
}

@ARTICLE{2013MNRAS.432.1989S,
   author = {{Simpson}, C.~M. and {Bryan}, G.~L. and {Johnston}, K.~V. and 
	{Smith}, B.~D. and {Mac Low}, M.-M. and {Sharma}, S. and {Tumlinson}, J.
	},
    title = "{The effect of feedback and reionization on star formation in low-mass dwarf galaxy haloes}",
  journal = {\mnras},
archivePrefix = "arXiv",
   eprint = {1211.1071},
 primaryClass = "astro-ph.GA",
 keywords = {hydrodynamics, ISM: evolution, galaxies: dwarf, Local Group, galaxies: star formation, dark ages, reionization, first stars},
     year = 2013,
    month = jul,
   volume = 432,
    pages = {1989-2011},
      doi = {10.1093/mnras/stt474},
   adsurl = {http://adsabs.harvard.edu/abs/2013MNRAS.432.1989S},
  adsnote = {Provided by the SAO/NASA Astrophysics Data System}
}


@ARTICLE{2010ApJS..191...43S,
   author = {{Skory}, S. and {Turk}, M.~J. and {Norman}, M.~L. and {Coil}, A.~L.
	},
    title = "{Parallel HOP: A Scalable Halo Finder for Massive Cosmological Data Sets}",
  journal = {\apjs},
archivePrefix = "arXiv",
   eprint = {1001.3411},
 primaryClass = "astro-ph.CO",
 keywords = {galaxies: halos, methods: data analysis, methods: numerical},
     year = 2010,
    month = nov,
   volume = 191,
    pages = {43-57},
      doi = {10.1088/0067-0049/191/1/43},
   adsurl = {http://adsabs.harvard.edu/abs/2010ApJS..191...43S},
  adsnote = {Provided by the SAO/NASA Astrophysics Data System}
}

@ARTICLE{1998ApJ...498..137E,
   author = {{Eisenstein}, D.~J. and {Hut}, P.},
    title = "{HOP: A New Group-Finding Algorithm for N-Body Simulations}",
  journal = {\apj},
   eprint = {arXiv:astro-ph/9712200},
 keywords = {COSMOLOGY: THEORY, COSMOLOGY: DARK MATTER, METHODS: NUMERICAL},
     year = 1998,
    month = may,
   volume = 498,
    pages = {137},
      doi = {10.1086/305535},
   adsurl = {http://adsabs.harvard.edu/abs/1998ApJ...498..137E},
  adsnote = {Provided by the SAO/NASA Astrophysics Data System}
}

@ARTICLE{2013arXiv1306.0645N,
   author = {{Norman}, M.~L. and {Reynolds}, D.~R. and {So}, G.~C. and {Harkness}, R.~P.
	},
    title = "{Direct Numerical Simulation of Reionization in Large Cosmological Volumes I: Numerical Methods and Tests}",
  journal = {ArXiv e-prints},
archivePrefix = "arXiv",
   eprint = {1306.0645},
 primaryClass = "astro-ph.IM",
 keywords = {Astrophysics - Instrumentation and Methods for Astrophysics, Astrophysics - Cosmology and Extragalactic Astrophysics},
     year = 2013,
    month = jun,
   adsurl = {http://adsabs.harvard.edu/abs/2013arXiv1306.0645N},
  adsnote = {Provided by the SAO/NASA Astrophysics Data System}
}


@ARTICLE{2013MNRAS.430.1548H,
   author = {{Hummels}, C.~B. and {Bryan}, G.~L. and {Smith}, B.~D. and {Turk}, M.~J.
	},
    title = "{Constraints on hydrodynamical subgrid models from quasar absorption line studies of the simulated circumgalactic medium}",
  journal = {\mnras},
archivePrefix = "arXiv",
   eprint = {1212.2965},
 primaryClass = "astro-ph.GA",
 keywords = {hydrodynamics, methods: numerical, galaxies: evolution, galaxies: formation},
     year = 2013,
    month = apr,
   volume = 430,
    pages = {1548-1565},
      doi = {10.1093/mnras/sts702},
   adsurl = {http://adsabs.harvard.edu/abs/2013MNRAS.430.1548H},
  adsnote = {Provided by the SAO/NASA Astrophysics Data System}
}

@TECHREPORT{1987nasa.reptQ....L,
   author = {{Loehner}, R. and {Morgan}, K. and {Peraire}, J. and {Vahdati}, M.
        },
    title = "{Finite Element Flux-Corrected Transport (FEM-FCT) for the Euler and Navier-Stokes equations}",
 keywords = {COMPRESSIBLE FLOW, FINITE ELEMENT METHOD, NAVIER-STOKES EQUATION, PROBLEM SOLVING, VISCOUS FLOW, ALGORITHMS, CARTESIAN COORDINATES, COMPUTATIONAL GRIDS, PARTIAL DIFFERENTIAL EQUATIONS},
booktitle = {National Aeronautics and Space Administration Report},
     year = 1987,
   editor = {{Augason}, G.~C.},
    month = jan,
 abstract = "{A high resolution finite element method for the solution of problems
involving high speed compressible flows is presented. The method uses
the concepts of flux-corrected transport and is presented in a form
which is suitable for implementation on completely unstructured
triangular or tetrahedral meshes. Transient and steady state examples
are solved to illustrate the performance of the algorithm.
}",
   adsurl = {http://adsabs.harvard.edu/abs/1987nasa.reptQ....L},
  adsnote = {Provided by the SAO/NASA Astrophysics Data System}
}



@ARTICLE{McGreer2008,
   author = {{McGreer}, I.~D. and {Bryan}, G.~L.},
    title = "{The Impact of HD Cooling on the Formation of the First Stars}",
  journal = {\apj},
archivePrefix = "arXiv",
   eprint = {0802.3918},
 keywords = {Cosmology: Theory, Galaxies: Formation, Galaxies: High-Redshift, Methods: n-Body Simulations, Stars: Formation},
     year = 2008,
    month = sep,
   volume = 685,
    pages = {8-20},
      doi = {10.1086/590530},
   adsurl = {http://adsabs.harvard.edu/abs/2008ApJ...685....8M},
  adsnote = {Provided by the SAO/NASA Astrophysics Data System}
}


@ARTICLE{1992ApJS...78..341C,
   author = {{Cen}, R.},
    title = "{A hydrodynamic approach to cosmology - Methodology}",
  journal = {\apjs},
 keywords = {COMPUTATIONAL ASTROPHYSICS, COSMOLOGY, HYDRODYNAMIC EQUATIONS, DARK MATTER, HELIUM, HYDROGEN, PHOTOIONIZATION, RECOMBINATION COEFFICIENT},
     year = 1992,
    month = feb,
   volume = 78,
    pages = {341-364},
      doi = {10.1086/191630},
   adsurl = {http://adsabs.harvard.edu/abs/1992ApJS...78..341C},
  adsnote = {Provided by the SAO/NASA Astrophysics Data System}
}


@ARTICLE{CHARM,
   author = {{Miniati}, F. and {Colella}, P.},
    title = "{Block structured adaptive mesh and time refinement for hybrid, hyperbolic + N-body systems}",
  journal = {Journal of Computational Physics},
   eprint = {astro-ph/0608156},
     year = 2007,
    month = nov,
   volume = 227,
    pages = {400-430},
      doi = {10.1016/j.jcp.2007.07.035},
   adsurl = {http://adsabs.harvard.edu/abs/2007JCoPh.227..400M},
  adsnote = {Provided by the SAO/NASA Astrophysics Data System}
}

